3057 4850
1140 325 1581 388 ...39-

179 519 245 583 si
292 518 367 581 in
415 519 719 582 eundem
768 518 953 582 diem
1001 518 1349 600 incidunt,
1410 524 1710 602 utraque
1759 518 1831 582 in
1879 517 2373 599 hemerologiis
2423 518 2539 583 ad·-

179 626 593 691 scribuntur
616 629 685 711 l).
776 626 1134 707 Neglectis
1182 627 1397 707 igitur
1447 626 1694 691 diebus
1741 610 1895 689 sola
1941 626 2277 690 feriarum
2327 626 2538 690 adno-

178 733 454 798 tatione
503 733 921 814 conspicuiS,
971 733 1043 796 hi
1077 742 1358 798 veteres
1407 734 1555 797 dies
1602 734 1781 814 festi,
1832 733 2084 815 quibus
2118 737 2539 798 consecrata

179 845 349 904 sunt
419 840 715 922 templa,
783 841 1313 922 relinquuntur:
1386 841 1820 922 Saturnalia,
1891 841 2250 922 Matralia,
2326 840 2539 922 Quin-

183 952 505 1029 quatrUS,
555 947 997 1028 Volcanalia,
1047 947 1479 1029 Portunalia,
1531 949 1979 1012 Volturnalia
2025 947 2471 1030 Lupercalia,
2489 951 2537 1032 ²)

179 1054 568 1135 Liberalia,
634 1054 799 1117 Idus
862 1055 1161 1136 Apriles,
1228 1055 1269 1118 J
1277 1055 1503 1136 uniae,
1557 1054 2097 1138 SeptembreS,⁸)
2168 1054 2538 1128 Kalendae

184 1161 649 1242 Februariae,
700 1161 1019 1242 Martiae,
1070 1161 1346 1244 Juniae,
1396 1161 1864 1244 Septembres
1959 1161 2192 1226 Aliam
2254 1181 2540 1226 consue-

185 1268 506 1332 tudinem
553 1268 752 1350 sequi
800 1267 1133 1332 videntur
1181 1274 1251 1331 et
1295 1269 1508 1333 aedes
1545 1269 1839 1350 CereriS,
1889 1269 2225 1351 Neptuni,
2274 1269 2539 1350 MartiS,

185 1377 311 1458 qui
380 1376 519 1439 alio
588 1376 700 1439 die
767 1394 1049 1440 sacrum
1108 1376 1486 1458 accipiunt,
1555 1382 1625 1441 et
1673 1376 1976 1458 Quirini,
2043 1376 2241 1457 Jani,
2311 1368 2539 1458 Consi,

185 1482 381 1564 Opis,
432 1480 788 1546 Fortunae
817 1482 1306 1563 Primigeniae,
1358 1482 1684 1547 Herculis
1732 1484 1971 1564 Magni
2006 1483 2347 1560 Custodis,
2398 1485 2540 1565 qui-

182 1591 323 1653 bus
377 1589 483 1652 bis
548 1594 749 1652 terve
815 1608 942 1670 per
1007 1608 1268 1652 annum
1335 1590 1797 1654 sacrificatur.
1908 1591 2044 1655 Sed
2107 1610 2267 1655 cum
2331 1592 2539 1672 longe

186 1698 571 1778 plerasque
625 1696 838 1759 aedes
888 1697 1054 1777 ipsis
1105 1697 1349 1760 diebus
1383 1698 1580 1760 festis
1629 1698 2139 1778 antiquioribus
2173 1697 2542 1762 videamus

188 1808 677 1883 consecratas,
744 1809 936 1867 certe
1005 1810 1256 1868 contra
1318 1805 1665 1868 rationem
1731 1823 2102 1885 ageremus
2161 1805 2308 1868 dies
2357 1804 2542 1869 dedi-

190 1910 496 1975 cationis
546 1915 616 1973 et
673 1915 954 1975 veteres
1002 1912 1158 1974 illos
1208 1914 1423 1975 festos
1473 1912 1615 1975 ullo
1665 1913 1871 1975 modo
1933 1913 2114 1976 inter
2170 1932 2244 1975 se
2294 1912 2542 1977 cohae-

188 2036 349 2081 rere
412 2023 776 2097 negantes.
873 2018 1262 2081 Jordanum
1329 2019 1558 2100 ipsum
1622 2019 1707 2083 de
1774 2018 1979 2083 Consi
2048 2023 2130 2082 et'
2173 2019 2541 2083 Vortumni

192 2124 489 2188 aedibus
552 2124 1150 2189 Aventinensibus
1220 2145 1283 2207 p.
1346 2133 1384 2192 2
1462 2127 1611 2189 dies
1673 2128 2095 2208 templorum
2167 2128 2442 2189 natales
2500 2145 2543 2189 a

188 2231 389 2295 festis
438 2232 575 2294 illis
609 2232 1078 2312 seiungendos
1128 2252 1281 2296 esse
1329 2232 1781 2313 iudicantem,
1833 2234 1885 2297 si
1938 2234 2128 2297 hunc
2169 2232 2543 2296 elenchum

194 2339 728 2421 perlustrasset,
791 2357 1289 2403 concessurum
1352 2340 1566 2403 fuisse
1631 2345 1799 2421 puto
1857 2343 2051 2403 recte
2102 2358 2145 2401 a
2193 2358 2304 2402 me
2354 2338 2544 2403 hanc

191 2450 429 2528 legem
495 2449 853 2513 constitui:
936 2449 1130 2512 initio
1211 2467 1452 2513 omnes
1491 2430 1788 2528 vaedeS,v
1843 2450 1899 2512 si
1979 2448 2108 2511 diis
2183 2447 2542 2511 deabusve

192 2574 440 2620 earum
488 2557 873 2653 antiquitus
924 2557 1070 2620 dies
1104 2557 1315 2620 fuerit
1357 2560 1680 2621 sacratus
1728 2574 1959 2636 neque
2008 2555 2231 2618 altero
2282 2554 2543 2635 templo

193 2668 604 2744 occupatus,
640 2664 759 2726 illo
794 2664 945 2745 ipso
981 2663 1346 2727 dedicatas
1380 2682 1562 2742 esse:
1600 2682 1782 2744 quae
1816 2681 1988 2725 vero
2015 2662 2219 2724 huius
2252 2661 2543 2742 regulae

192 2774 525 2852 expertes
574 2790 726 2834 esse
775 2771 1125 2852 videntur,
1177 2772 1263 2835 de
1312 2772 1395 2834 iis
1444 2772 1545 2834 ita
1593 2790 1703 2834 me
1747 2777 2071 2834 acturum
2119 2787 2271 2832 esse
2314 2786 2541 2849 sper0,

193 2881 272 2941 ut
318 2877 462 2940 iam
528 2896 733 2940 nemo
785 2878 1084 2958 dubitet,
1153 2879 1320 2959 quin
1369 2879 1506 2941 illis
1556 2879 1672 2940 lex
1724 2897 1768 2940 a
1814 2896 1925 2940 me
1975 2876 2357 2940 constituta
2402 2894 2539 2937 non

189 2984 685 3048 labefactetur.

375 3092 544 3173 Apr.
601 3098 700 3173 19,
754 3111 890 3174 quo
926 3092 1233 3156 Cerialia
1284 3093 1756 3172 celebrantur,
1806 3091 1972 3155 solis
2020 3092 2090 3152 in
2124 3090 2324 3153 fastis
2354 3088 2541 3152 Maff.

191 3202 267 3263 et
312 3198 563 3262 Praen.
616 3200 755 3263 diei
814 3200 993 3263 ratio
1043 3205 1296 3280 exstat,
1320 3204 1368 3282 ⁴¹=)
1419 3217 1714 3280 quorum
1779 3198 1879 3261 illi
1934 3196 2194 3260 nullius
2241 3196 2544 3259 numinis

189 3305 328 3370 nisi
370 3306 622 3370 Mentis
685 3307 1108 3371 sacrificium
1156 3307 1492 3386 indicant,
1543 3305 1615 3367 hi
1679 3305 1780 3368 ita
1842 3308 2004 3368 sunt
2071 3303 2399 3384 truncati,
2470 3307 2545 3366 ut

193 3413 610 3478 coniectura
671 3413 1062 3478 Cerialibus
1127 3413 1376 3477 aedem
1443 3412 1724 3480 Cereris
1781 3412 2181 3477 dedicatam
2240 3428 2393 3474 esse
2454 3428 2544 3473 ex
2596 3447 2605 3457 ·

193 3520 280 3584 iis
314 3520 609 3583 refutari
642 3525 984 3601 nequeat3
1038 3539 1317 3584 sacrum
1354 3521 1920 3584 anniversarium
1953 3538 2193 3584 mense
2227 3518 2543 3599 Augusto

342 3682 380 3747 l)
421 3682 484 3735 in
511 3683 680 3736 fastis
703 3680 983 3736 Allifanis
1010 3683 1246 3735 incuria
1274 3682 1647 3750 quadratarii
1687 3683 1763 3735 ad
1784 3682 1944 3751 Aug.
1970 3684 2032 3733 17
2064 3681 2246 3734 semel
2270 3682 2544 3734 Portuno

194 3772 495 3827 excidisse
558 3773 814 3824 arbitror
852 3772 1034 3840 idque
1074 3772 1251 3824 facile
1301 3774 1570 3840 potuisse
1623 3773 1769 3839 fieri,
1809 3787 1945 3824 cum
1983 3772 2076 3823 bis
2115 3770 2272 3823 idem
2324 3785 2544 3824 nomen

193 3864 538 3929 repetatur3
596 3861 735 3913 fasti
786 3859 1145 3914 Amiternini
1196 3858 1485 3914 exhibent
1540 3860 1760 3914 Feriae
1801 3862 2093 3926 Portmw,
2147 3861 2421 3913 Portuno
2461 3861 2545 3913 ad

186 3953 442 4021 pontem
482 3948 807 4002 Aemilium
847 3954 906 4002 et
946 3947 1217 4014 Fer(iae)
1262 3948 1378 4018 Opi
1420 3949 1538 4017 Opi
1576 3951 1659 4003 ad
1697 3949 1927 4017 forum.

342 4039 383 4105 2)
424 4039 494 4091 cf.
536 4039 666 4092 aed.
707 4043 772 4090 48
813 4055 865 4092 a.
907 4044 955 4091 4.

342 4128 384 4194 ⁸)
425 4129 498 4181 cf.
539 4129 668 4182 aed.
712 4133 737 4179 1
781 4144 832 4181 a.
875 4133 922 4179 3.

340 4216 384 4286 ⁴)
424 4217 901 4289 hemerologium
931 4217 1162 4273 Caeret.
1203 4215 1356 4285 ludi,
1399 4215 1607 4271 Cereri
1646 4215 1712 4272 in
1751 4215 1911 4272 circo
1951 4214 2120 4274 haud
2158 4216 2280 4271 scio
2333 4231 2412 4269 an
2446 4229 2543 4269 me

200 4311 464 4365 adiuvet.
