3057 4850
1170 335 1611 397 -23..

385 532 503 595 55.
596 526 828 590 Aedes
875 525 1201 591 Herculis
1248 526 1608 590 Musarum
1657 527 1727 590 in
1778 527 1967 595 circo
2015 526 2362 590 Flaminio
2387 529 2433 610 1)
2483 525 2555 588 in

198 635 473 718 proelio
537 634 629 698 ad
676 634 1151 715 Ambraciam,
1217 638 1293 696 ut
1354 634 1509 696 veri
1573 634 1796 697 simile
1856 640 2004 716 est,
2074 654 2116 697 a
2163 634 2251 697 M.
2301 633 2553 697 Fulvio

199 743 565 808 Nobiliore
632 761 771 807 cos.
840 747 1010 806 vota
1059 762 1119 806 a.
1174 748 1517 809 565=189
1588 761 1722 805 nec
1782 743 2002 805 multo
2051 746 2210 823 post
2258 740 2481 804 dedic.
2507 745 2554 824 2)

202 870 249 914 a
295 851 372 913 L.
423 851 690 914 Marcio
739 850 1062 931 Philippo
1110 850 1382 913 refecta
1406 853 1459 932 3)
1507 855 1578 913 et
1627 850 1850 914 dedic.
1910 849 2086 931 prid.
2138 849 2280 912 kal.
2331 848 2556 911 Jul.=

204 957 366 1020 Jun.
423 963 507 1023 30
556 957 855 1020 fortasse
903 961 1061 1037 post
1110 974 1171 1019 a.
1227 962 1525 1023 726=28
1551 960 1607 1043 4)
1658 975 1919 1037 graeco
1970 957 2107 1019 ritu
2158 956 2329 1019 deus
2377 955 2556 1019 cele-

200 1065 471 1128 bratur.
499 1067 547 1148 5)

385 1176 505 1240 56.
599 1171 831 1235 Aedes
881 1172 1050 1253 Opis
1099 1172 1431 1253 Opiferae
1488 1173 1560 1235 in
1611 1114 1957 1253 Capitolio
1992 1174 2036 1255 1)
2099 1170 2322 1234 dedic.
2390 1173 2556 1232 ante

205 1299 268 1343 a.
342 1285 709 1360 568=186,
779 1297 915 1360 quo
982 1279 1067 1342 de
1134 1280 1335 1343 caelo
1403 1284 1602 1344 tacta
1664 1284 1770 1342 est
1795 1282 1843 1363 2)
1912 1298 1973 1342 a.
2044 1278 2106 1340 d.
2179 1277 2345 1340 VIII
2411 1276 2553 1339 kal.
2609 1308 2613 1313 >

202 1386 664 1468 Sept.=Aug.
702 1392 784 1453 25
806 1390 856 1468 ³)
907 1387 993 1450 de
1053 1387 1379 1450 manibiis
1426 1386 1841 1451 Delmaticis
1889 1386 2161 1450 refecta
2209 1405 2252 1449 a
2282 1384 2358 1447 L.
2388 1383 2558 1449 Cae-

204 1494 368 1558 cilio
417 1493 701 1557 Metello
752 1512 940 1557 cons.
992 1514 1053 1557 a.
1106 1500 1548 1579 637=117.4)

388 1605 502 1668 57.
597 1601 830 1664 Aedes
877 1601 1122 1665 Lunae
1171 1602 1242 1664 in
1275 1601 1631 1665 Aventino
1651 1606 1695 1686 1)
1747 1601 1970 1666 dedic.
2023 1606 2187 1664 ante
2238 1620 2300 1664 a.
2347 1606 2559 1667 572=

210 1715 337 1775 182
367 1712 413 1793 2)
449 1709 626 1790 prid.
663 1709 805 1772 kal.
833 1708 1295 1790 Ap1·.=Mart.
1333 1713 1480 1794 313)
1515 1709 1842 1773 incendio
1880 1708 2114 1771 deleta
2149 1728 2210 1771 a.
2241 1713 2323 1774 68
2347 1696 2557 1791 p.C.²²)
2621 1796 2624 1797 ἢ

391 1820 509 1883 58.
603 1815 835 1879 Aedes
861 1815 1157 1879 Veneris
1190 1816 1542 1881 Erucinae
1577 1822 1784 1881 extra
1830 1821 2105 1897 portam
2144 1814 2490 1879 Collinam
2513 1819 2558 1898 1)

204 1922 571 2003 Ligustico
642 1923 830 1987 bello
899 1942 943 1986 a
1015 1922 1091 1985 L.
1160 1924 1408 1987 Polcio
1485 1943 1625 1988 cos.
1701 1928 1872 1986 vota
1949 1941 2010 1985 a
2077 1925 2443 2002 570=184‚
2517 1941 2562 1984 a

203 2030 282 2092 L.
319 2030 569 2093 Porcio
617 2029 693 2091 L.
745 2030 789 2092 f.
825 2029 1070 2094 Licino
1122 2031 1492 2094 duumviro
1544 2030 1768 2095 dedic.
1821 2050 1881 2094 a.
1930 2032 2345 2113 573=1812)
2396 2046 2458 2091 3.
2495 2028 2558 2090 (1.

206 2137 312 2199 IX
363 2136 505 2200 kal.
557 2136 977 2218 Mai.=Apr.
1030 2144 1112 2204 23
1140 2142 1187 2220 3)
1238 2157 1323 2219 gl
1327 2157 1542 2202 aecus
1591 2142 1745 2201 erat
1794 2138 1988 2200 ritus.
2014 2141 2068 2287 4)

355 2336 439 2385 55.
482 2332 520 2398 ¹)
560 2333 794 2387 Becker
834 2338 936 2385 612
977 2334 1204 2387 Preller
1230 2334 1289 2386 II
1317 2337 1418 2385 298
1459 2334 1846 2403 Kluegmann
1890 2350 2097 2387 comm.
2137 2332 2281 2404 phil.
2320 2335 2384 2386 in
2421 2331 2561 2387 hon.

203 2424 475 2478 MommS.
516 2442 570 2494 p.
612 2428 746 2491 2623
786 2424 1198 2494 Kluegmanni
1250 2425 1551 2478 sententia
1590 2425 1876 2478 sacellum
1930 2428 2302 2477 exstructum
2358 2439 2487 2477 esse
2527 2440 2563 2477 a

204 2514 442 2581 Fulvio,
482 2519 722 2584 praeter
750 2530 983 2582 causas,
1025 2530 1176 2583 quas
1216 2514 1417 2566 attulit
1456 2514 1687 2567 Jordan
1724 2514 1927 2566 Herm.
1963 2513 2102 2566 XIV
2151 2516 2271 2580 579,
2310 2511 2426 2567 hac
2465 2529 2562 2582 po-

204 2605 505 2657 tissimum
544 2604 786 2657 videtur
825 2606 1095 2666 refutari,
1150 2605 1312 2673 quod
1351 2605 1688 2657 aediculam
1727 2604 1962 2656 Numae
2002 2602 2190 2666 (Serv.
2231 2603 2308 2655 ad
2346 2602 2493 2655 Aen.
2535 2603 2561 2655 Ι

204 2695 300 2758 12)
343 2698 403 2746 et
426 2694 633 2748 ,multa
673 2700 1026 2748 ornamenta
1066 2711 1140 2748 ex
1181 2693 1437 2748 Graecia
1463 2694 1714 2747 Romam
1753 2697 2178 2762 transportata,
2219 2707 2474 2760 quorum
2513 2693 2561 2745 si

208 2799 333 2835 non
374 2785 595 2850 omnia,
648 2790 708 2836 at
749 2789 951 2836 tamen
1003 2800 1288 2852 magnam
1329 2789 1561 2853 partem
1600 2784 1784 2836 Musis
1836 2784 2028 2834 victor
2080 2781 2380 2834 dedicavit
2419 2780 2562 2844 (Cic.

203 2890 267 2941 p.
309 2869 492 2925 Arch.
535 2875 600 2924 27
642 2872 793 2925 Plin.
834 2871 892 2926 h.
933 2890 989 2925 n.
1031 2871 1255 2926 XXXV
1294 2876 1401 2940 66),
1454 2873 1744 2925 sacellum
1796 2873 2062 2941 profecto
2116 2886 2236 2922 non
2290 2872 2561 2939 cepisset.

207 2960 250 3027 ⁶²)
294 2961 628 3014 Eumenius
667 2978 774 3032 pro
813 2967 951 3014 rest.
992 2961 1178 3016 schol.
1220 2960 1577 3026 (Baehrens:
1618 2978 1836 3031 paneg.
1877 2962 1978 3014 lat.
2019 2961 2135 3013 XII
2162 2977 2217 3030 p.
2249 2963 2344 3010 121
2377 2977 2466 3029 cp.
2509 2963 2561 3024 7)

213 3050 532 3104 dedicatur
571 3067 646 3104 ex
685 3054 959 3104 censoria
985 3054 1244 3121 pecunia
1273 3068 1323 3104 a.
1354 3056 1665 3104 575=179.
1743 3051 1781 3114 ἢ
1821 3056 2139 3120 postquam
2168 3050 2241 3102 de
2268 3049 2562 3118 Hispania

201 3137 605 3209 triumphavit
646 3139 706 3194 C.
748 3140 791 3192 I.
831 3140 898 3193 L.
942 3141 966 3193 Ι
1005 3158 1060 3210 p.
1101 3145 1202 3193 478
1243 3141 1347 3195 Ov.
1389 3142 1426 3193 f.
1466 3141 1546 3194 VI
1588 3145 1685 3192 801
1739 3139 1903 3196 Suet.
1934 3141 2093 3209 Aug.
2134 3143 2219 3190 29.
2292 3138 2336 3203 ⁴)
2377 3138 2484 3192 Ov.
2523 3139 2560 3190 f.

200 3229 285 3282 VI
328 3232 429 3281 797
471 3231 542 3281 cf.
584 3245 674 3298 cp.
714 3230 772 3281 ΙΙ
811 3228 870 3284 11.
912 3231 1048 3283 diss.
1126 3229 1165 3295 Γ’)
1208 3232 1369 3300 quod
1410 3248 1547 3283 cum
1587 3232 1771 3284 Musis
1815 3228 1964 3284 deus
2004 3230 2398 3298 componitur.

353 3321 437 3368 56.
481 3318 519 3383 ¹)
559 3318 793 3373 Becker
845 3324 948 3370 404
999 3320 1226 3374 Preller
1267 3321 1322 3373 II
1363 3324 1430 3371 23
1480 3320 1710 3373 Jordan
1752 3321 1776 3373 I
1818 3323 1867 3386 2,
1920 3324 1987 3370 43
2039 3320 2367 3372 Mommsen
2407 3315 2559 3386 Eph.

202 3423 297 3476 cp.
338 3407 365 3459 Ι
404 3424 458 3476 p.
501 3412 565 3460 37
606 3408 838 3461 Jordan
876 3407 1025 3478 Eph.
1068 3426 1157 3478 ep.
1199 3410 1226 3461 Ι
1265 3427 1319 3479 p.
1372 3413 1474 3460 229
1515 3410 1605 3463 III
1655 3427 1708 3478 p.
1751 3412 1833 3460 57.
1911 3408 1951 3474 ²)
1989 3408 2120 3460 Liv.
2159 3407 2421 3460 XXXIX
2474 3410 2559 3474 22,

202 3500 236 3548 4
276 3495 399 3549 Jul.
440 3496 577 3550 Obs.
619 3501 703 3565 57,
755 3499 859 3551 ubi
911 3515 1046 3551 cum
1087 3499 1353 3552 Jordano
1406 3497 1557 3568 Eph.
1608 3515 1698 3568 ep.
1748 3499 1836 3551 III
1876 3515 1930 3567 p.
1985 3502 2051 3548 65
2090 3497 2418 3566 legendum
2469 3501 2560 3548 est

205 3585 356 3654 Opis
395 3603 501 3656 pro
542 3586 720 3641 Jovis
796 3587 835 3652 3)
875 3589 1008 3641 fast.
1047 3588 1197 3641 Vall.
1239 3589 1315 3642 ad
1354 3588 1514 3658 Aug.
1556 3591 1622 3638 25
1664 3588 1724 3642 C.
1765 3588 1809 3640 I.
1848 3587 1914 3640 L.
1955 3587 1982 3639 I
2020 3605 2075 3657 p.
2115 3591 2219 3637 400
2259 3588 2330 3638 cf.
2371 3602 2460 3655 cp.
2500 3585 2558 3638 II

201 3676 259 3729 h.
301 3676 437 3728 diss.
513 3676 555 3741 4)
608 3676 759 3729 Plin.
812 3675 870 3730 h.
910 3694 966 3729 n.
1006 3677 1091 3729 XI
1135 3681 1234 3729 174
1273 3679 1344 3729 cf.
1385 3677 1615 3730 Jordan
1655 3678 1802 3747 Eph.
1844 3693 1933 3747 ep.
1973 3676 2001 3728 I
2040 3694 2095 3746 p.
2137 3679 2258 3727 229.

350 3768 435 3817 57.
480 3765 517 3830 ¹)
571 3765 805 3819 Becker
844 3770 947 3816 455
1000 3766 1226 3819 Preller
1267 3767 1292 3818 I
1334 3770 1434 3818 327
1475 3761 1708 3819 Jordan
1761 3764 1911 3835 Eph.
1952 3781 2044 3834 ep.
2095 3763 2185 3816 ΙΙΙ
2224 3782 2279 3833 p.
2321 3767 2386 3815 70
2437 3765 2558 3817 ind.

200 3857 338 3909 lect.
376 3854 610 3924 Regim.
657 3857 885 3920 1886587
925 3873 981 3925 p.
1023 3859 1070 3907 7.
1147 3855 1186 3920 “-’)
1227 3855 1355 3908 Liv.
1397 3856 1502 3908 XL
1545 3860 1594 3922 2,
1635 3859 1683 3907 2.
1762 3855 1800 3920 ³)
1841 3857 1975 3908 fast.
2017 3854 2230 3907 Praen.
2271 3854 2348 3906 ad
2386 3854 2558 3906 Mart.

200 3949 265 3996 31
311 3943 372 3997 C.
413 3945 458 3997 Ι.
496 3944 563 3996 L.
604 3944 631 3996 I
670 3962 725 4013 p.
767 3948 869 3995 390
922 3946 1004 4008 (in
1058 3947 1484 3998 commentario
1538 3946 1664 3998 dies
1718 3945 1938 3998 natalis
1987 3944 2138 3996 falso
2188 3943 2429 3995 additur
2480 3944 2558 3995 ad

197 4034 372 4087 Mart.
413 4037 503 4099 28)
542 4035 676 4086 fast.
718 4033 949 4088 Caeret.
991 4032 1141 4102 Eph.
1183 4051 1272 4104 ep.
1313 4035 1401 4088 ΙΙΙ
1441 4054 1495 4105 p.
1537 4040 1584 4087 6.
1661 4036 1704 4100 ⁴)
1744 4036 1886 4088 Tac.
1927 4051 2065 4088 31111.
2104 4034 2212 4088 XV
2252 4037 2314 4083 41
2359 4032 2558 4096 (Luna

198 4123 516 4177 Noctiluca
558 4124 629 4189 (V
634 4139 747 4176 arr.
778 4124 814 4175 l.
844 4124 880 4175 l.
902 4123 951 4176 V
975 4126 1062 4188 68)
1113 4125 1400 4177 sacellum
1420 4127 1483 4177 in
1523 4125 1756 4178 Palatio
1797 4126 2058 4178 habebat
2087 4125 2158 4176 cf.
2180 4123 2462 4176 Jordanl.
2484 4124 2556 4188 c.)

346 4215 430 4265 58.
473 4213 513 4279 1)
553 4214 786 4266 Becker
827 4216 928 4263 582
969 4212 1197 4266 Preller
1224 4214 1251 4265 Ι
1279 4217 1380 4264 445
1420 4214 1771 4282 Marquardt
1811 4217 1931 4265 375.
2009 4211 2048 4278 ²)
2087 4212 2217 4265 Liv.
2258 4211 2365 4265 XL
2394 4215 2477 4278 34,
2505 4214 2555 4262 4.

200 4304 243 4370 ⁸)
275 4302 383 4356 Ov.
406 4305 443 4355 f.
474 4302 553 4354 IV
587 4305 689 4352 865
724 4318 939 4355 causas
968 4303 1186 4371 quibus
1221 4303 1401 4356 aedes
1431 4303 1733 4357 Erucinae
1766 4320 1818 4357 3.
1846 4305 2138 4355 539=215
2167 4303 2230 4355 in
2262 4300 2556 4370 Capitolio
