3057 4850
1154 327 1601 392 „27-

104 596 117 613 ⁸
378 522 491 586 67.
585 517 818 583 Aedes
850 517 1180 584 Herculis
1205 519 1510 584 Victoris
1560 519 1632 582 in
1666 518 1905 584 Caelio
1934 520 1981 602 1)
2031 538 2076 582 a
2106 516 2182 582 L.
2216 518 2548 582 Mummio

181 642 335 689 cos.
389 630 561 688 vota
607 625 794 690 bello
844 626 1160 691 Achaico
1210 630 1281 690 et
1329 626 1554 690 dedic.
1604 631 1764 708 post
1811 645 1875 689 a.
1928 631 2293 693 608=146.
2323 629 2370 710 2)

376 746 493 809 68.
589 741 821 806 Aedes
877 742 1123 805 Martis
1186 742 1259 805 in
1322 760 1576 823 campo
1603 746 1649 827 1)
1709 742 1897 806 bello
1947 741 2301 805 Lusitano·
2352 761 2397 805 a
2461 740 2546 805 D.

183 847 408 910 Junio
456 849 671 912 Bruto
708 847 1050 914 Gallaeco
1118 867 1257 913 cos.
1308 852 1481 913 vota
1530 868 1591 912 a.
1661 854 1912 916 616=7
1923 855 2004 915 38
2033 852 2079 931 2)
2138 846 2272 913 nec'
2328 849 2547 912 multo

183 959 354 1037 post
403 955 627 1020 dedic.
680 976 742 1019 a.
781 956 843 1019 d.
888 955 990 1018 IX
1025 956 1166 1019 kal.
1204 955 1635 1038 Oct.=Sept.
1673 962 1755 1022 23
1773 959 1821 1040 3)
1870 955 2071 1020 Accii
2120 956 2551 1020 carminibus

186 1061 429 1125 aditus
479 1062 723 1144 templi
773 1063 1223 1146 adornatus4)
1272 1063 1566 1127 fulmine
1616 1063 1761 1128 icta
1808 1082 1870 1126 a.
1928 1068 1999 1128 11
2054 1081 2132 1144 p.-
2173 1062 2245 1128 C.
2272 1067 2318 1146 ⁵)

381 1184 502 1246 69.
596 1178 828 1263 Aedes
896 1179 1201 1281 rotunda
1246 1179 1575 1243 Herculis
1622 1179 1692 1242 in
1749 1179 1901 1243 foro
1950 1179 2193 1244 boario
2226 1183 2271 1264 l)
2323 1179 2548 1244 dedic.

100 1352 111 1385 Ἴ,
187 1290 361 1349 ante
410 1289 708 1349 mortem
756 1285 1051 1351 Pacuvii
1101 1287 1323 1370 (circa
1371 1305 1433 1350 a.
1488 1290 1883 1371 622=132).
1913 1292 1960 1370 ²)
1999 1292 2006 1303 “

376 1406 493 1469 70.
602 1402 834 1466 Aedes
899 1402 1194 1466 Virtutis
1220 1408 1265 1487 1)
1341 1403 1630 1468 condita
1699 1423 1744 1468 a
1808 1403 2135 1484 Scipione
2205 1403 2546 1468 Africano

187 1510 469 1573 minore
519 1515 684 1573 ante
735 1529 797 1573 a.
849 1515 1289 1593 625=129.2)

379 1630 481 1693 71.
586 1625 818 1690 Aedes
883 1627 1122 1690 Bonae
1187 1626 1383 1690 Deae
1449 1629 1577 1691 sub
1646 1627 2001 1690 Aventino
2031 1632 2075 1710 1)
2144 1646 2188 1690 a
2251 1627 2550 1693 Claudia

187 1734 477 1814 virgine
525 1733 795 1797 Vestali
844 1733 1069 1798 dedic.
1129 1738 1293 1797 ante
1355 1753 1416 1798 a.
1472 1738 1890 1819 631=123²)
1940 1736 2081 1799 kal.
2133 1734 2545 1798 Mai.=Mai.

145 1882 152 1887 ·
193 1847 226 1906 1
256 1845 314 1928 ³)
363 1841 691 1904 restituta
739 1860 783 1903 a
814 1841 1023 1904 Livia
1068 1846 1227 1922 post
1275 1860 1336 1904 a.
1376 1847 1408 1907 7
1419 1847 1676 1909 26=28
1701 1846 1750 1926 4)
1800 1842 2207 1907 sacerdotes
2240 1842 2547 1906 feminae

106 2018 113 2031 ,
187 1967 407 2012 sacra
453 1948 744 2012 faciunt.
772 1952 818 2030 ⁵)

188 2145 391 2200 Strab.
434 2146 572 2200 VIII
612 2150 764 2215 6,23;
802 2147 952 2200 falso
992 2148 1219 2200 Preller
1268 2147 1340 2200 de
1378 2147 1653 2217 Luculle,
1707 2147 1913 2203 Sullae
1963 2149 2260 2217 familiari,
2301 2149 2546 2218 cogitat.

190 2234 233 2301 3)
274 2235 431 2288 Plin.
470 2233 530 2289 h.
575 2253 631 2288 n.
672 2235 926 2290 XXXIV
968 2240 1050 2288 69.

341 2345 426 2394 67.
470 2343 507 2409 ¹)
547 2343 773 2397 Preller
800 2343 857 2395 II
887 2346 989 2394 295
1027 2343 1256 2396 Jordan
1296 2344 1353 2396 II
1397 2347 1523 2413 1293
1563 2360 1640 2397 ne
1679 2344 1859 2397 aedes
1899 2344 1976 2397 ad
2001 2348 2234 2413 portam
2261 2344 2552 2414 Trigemi-

188 2449 336 2486 nam
396 2439 501 2486 aut
559 2434 635 2486 ad
692 2449 857 2487 aram
914 2436 1237 2487 maximam
1286 2435 1637 2488 Mummium
1678 2436 1774 2488 vel
1814 2434 2150 2488 condidisse
2190 2435 2285 2488 vel
2324 2440 2550 2488 restau-

188 2538 361 2576 rasse
403 2524 679 2592 opineriS,
720 2528 922 2576 monet
959 2524 1206 2577 Rossius
1254 2539 1392 2577 ann.
1445 2524 1581 2588 deH',
1633 2526 1768 2577 inst.
1813 2528 1947 2575 1854
1986 2541 2041 2594 p.
2083 2527 2147 2577 37
2162 2543 2176 2591 3
2216 2525 2548 2578 secundum

191 2612 532 2666 Jordanum
571 2612 772 2666 Herm.
812 2613 950 2666 XIV
991 2616 1093 2665 573
1134 2619 1261 2666 erat
1301 2614 1595 2666 aedicula.
1673 2612 1712 2679 ²)
1754 2613 1815 2667 C.
1844 2614 1888 2666 I.
1915 2613 1980 2666 L.
2021 2613 2048 2666 I
2088 2617 2222 2682 5413
2270 2629 2322 2666 a.
2364 2617 2550 2665 609:

196 2705 300 2752 145
339 2702 569 2754 iudicat
606 2702 951 2755 Mommsen.

341 2812 427 2860 68.
472 2808 508 2874 ¹)
546 2809 780 2862 Becker
833 2813 934 2861 619
987 2810 1214 2863 Preller
1252 2810 1278 2862 I
1331 2813 1465 2877 3673
1504 2811 1579 2862 ab
1607 2809 1995 2878 Hermod01·0,
2048 2826 2269 2880 graeco
2323 2813 2550 2866 artifice

82 2887 98 2982 Ξ
193 2901 508 2951 exstructa
565 2904 655 2952 est
710 2901 1070 2968 graecisque
1129 2901 1346 2952 statuis
1405 2904 1619 2952 ornata
1675 2899 1849 2964 (Plin.
1898 2897 1956 2953 h.
2015 2916 2073 2951 n.
2130 2900 2385 2954 XXXVI
2443 2904 2550 2967 26).

84 3039 97 3058 ,
195 2987 238 3054 ‘·')
284 2988 410 3040 Val.
450 2989 606 3041 Max.
646 2989 789 3042 VIII
832 2992 913 3057 14,
954 2992 984 3038 2
1025 2991 1097 3041 cf.
1139 2989 1256 3043 Cic.
1296 3006 1350 3058 p.
1393 2987 1574 3043 Arch.
1616 2992 1699 3040 27.
1753 2987 1958 3053 (schol.
1997 2989 2143 3042 Bob.
2183 3007 2236 3058 p.
2279 2993 2403 3055 359)
2445 2992 2551 3044 sed

191 3078 452 3129 fortasse
492 3077 729 3130 duobus
782 3080 957 3131 annis
994 3083 1129 3147 post
1168 3094 1305 3131 cum
1344 3078 1674 3146 GallaeciS,
1729 3094 1765 3131 a
1818 3079 2037 3146 quibus
2089 3095 2307 3133 nomen
2360 3080 2549 3149 duxit,

191 3182 485 3236 pugnans
524 3183 657 3220 eam
696 3169 877 3220 vovit.
963 3169 1001 3233 ³)
1043 3169 1174 3222 fast.
1223 3167 1364 3220 Arv.
1417 3167 1495 3220 ad
1535 3166 1692 3235 Sept.
1734 3170 1800 3218 23
1839 3167 2089 3220 Henzen
2150 3168 2548 3224 CCXXXVII.

192 3256 236 3322 ⁴)
280 3255 409 3308 Val.
448 3256 589 3309 Max
626 3257 660 3309 l.
702 3272 749 3309 c.
791 3256 910 3310 Cic.
948 3258 985 3309 l.
1026 3275 1073 3310 c.
1186 3256 1227 3323 ⁵)
1267 3257 1381 3310 Dio
1402 3256 1536 3321 LVI
1564 3260 1648 3325 24,
1689 3261 1737 3308 3.

100 3387 101 3394 1
345 3366 429 3414 69.
474 3363 511 3429 ¹)
550 3363 784 3417 Becker
819 3367 921 3416 475
960 3364 1188 3418 Preller
1227 3365 1284 3417 II
1325 3368 1427 3416 290
1465 3364 1696 3427 Jordan
1723 3365 1751 3417 I
1780 3368 1828 3434 2,
1868 3369 1971 3417 480
2010 3367 2211 3420 Herm.
2251 3368 2388 3421 XIV
2430 3371 2548 3421 573.

100 3486 148 3504 ,.
196 3452 239 3518 ²¹)
281 3453 433 3505 Plin.
474 3450 533 3507 h.
573 3469 629 3505 n.
669 3453 895 3506 XXXV
937 3457 1017 3506 19.

348 3564 429 3612 70.
474 3561 511 3625 ¹)
570 3561 797 3619 Preller
848 3560 907 3614 II
965 3565 1084 3614 249.
1162 3561 1200 3627 ⁸2)
1242 3579 1277 3615 a
1333 3564 1458 3615 solo
1516 3563 1672 3615 Plut.
1734 3562 1799 3625 Q.
1850 3563 1917 3616 R.
1961 3566 1990 3613 5
2049 3552 2549 3618 commemoratur

197 3644 390 3722 ἀρετῆς
427 3645 574 3723 ἱερὸν
610 3643 871 3724 ἱδρύσατο
909 3654 1170 3717 Σκηπίων
1207 3656 1571 3722 Νομαντῖνος.
1617 3723 1618 3726 ¹

348 3761 431 3811 71.
474 3758 513 3824 ¹)
553 3760 785 3812 Becker
825 3762 928 3809 454
967 3759 1193 3811 Preller
1233 3758 1257 3810 I
1298 3762 1396 3808 401
1440 3758 1788 3826 Marquardt
1828 3761 1929 3810 327
1971 3775 2022 3811 a.
2062 3763 2094 3809 4
2132 3759 2199 3812 R.
2239 3760 2417 3815 Peter
2457 3778 2549 3831 ap.

197 3845 489 3902 Roscher.
529 3849 602 3901 M.
643 3848 734 3901 W.
777 3851 894 3899 790.
973 3847 1012 3912 “·’)
1055 3846 1172 3901 Cic.
1214 3847 1286 3899 de
1327 3847 1479 3899 dom.
1523 3850 1642 3912 1363
1681 3863 1864 3916 prope
1905 3848 1981 3900 ad
2020 3849 2230 3902 aedem
2270 3850 2419 3904 deae
2458 3851 2550 3904 Li-

195 3940 362 4002 cinia
413 3939 585 4006 virgo
625 3937 883 3991 Vestalis
935 3952 1099 3989 aram
1152 3941 1211 3989 et
1263 3936 1600 3988 aediculam
1649 3936 1977 4004 dedicavit3
2027 3953 2212 4006 prope
2264 3942 2420 3993 enim
2475 3943 2550 3994 ad

195 4029 454 4098 primam
496 4026 704 4079 aedem
744 4026 1006 4079 numinis
1046 4042 1166 4078 non
1204 4041 1340 4078 raro
1381 4026 1530 4078 alias
1572 4025 1917 4079 aedificatas
1966 4042 2100 4080 esse
2140 4028 2550 4084 demonstrant

199 4116 458 4171 delubra
508 4115 804 4184 Herculis»,
858 4115 1243 4183 Concordiae,
1295 4116 1618 4168 Fortunae.
1705 4116 1747 4181 ³)
1797 4115 1902 4169 Ov.
1943 4118 1978 4168 f.
2021 4118 2067 4170 V
2125 4122 2222 4170 148
2273 4119 2422 4189 Lyd.
2475 4122 2548 4175 de

198 4221 390 4261 mens,
430 4206 510 4259 IV
551 4210 616 4257 52
656 4206 1010 4263 Macrob.,S.
1051 4207 1077 4260 Ι
1121 4210 1203 4276 12,
1246 4211 1327 4261 18.
1368 4210 1450 4261 21.
1540 4207 1583 4274 ⁴)
1633 4207 1739 4262 Ov.
1779 4209 1813 4262 l.
1856 4225 1903 4262 c.
1945 4210 2016 4262 cf.
2070 4226 2158 4278 cp.
2199 4210 2257 4262 II
2296 4209 2354 4265 h.
2403 4212 2547 4266 diss,

199 4296 242 4367 ⁵)
284 4296 348 4352 C.
389 4296 435 4350 Ι.
473 4296 539 4351 L.
577 4296 660 4351 VI
700 4298 996 4351 2336—40.
2377 4330 2381 4334 <
