3057 4850
1590 1270 1720 1388 ΙΙ.

656 1503 1080 1586 Temporum
1124 1504 1388 1585 ordine,
1439 1523 1578 1586 quo
1628 1504 1841 1568 aedes
1876 1506 2203 1570 conditae
2251 1511 2431 1587 sunt,
2484 1511 2835 1587 quantum

479 1630 569 1675 ex
627 1612 989 1675 annalium
1052 1612 1536 1693 fastorumque
1599 1612 1911 1693 reliquiis
1960 1610 2112 1676 fieri
2159 1613 2413 1693 potuit,
2479 1612 2838 1678 destinato

478 1720 622 1782 iam
670 1719 972 1800 primum
1023 1719 1412 1800 videamUS‚
1486 1737 1629 1800 qua
1675 1719 1949 1782 ratione
2014 1738 2222 1783 sacra
2270 1719 2498 1783 eidem
2560 1722 2838 1785 numini

479 1827 954 1908 compluriens
1015 1845 1143 1907 per
1205 1845 1466 1889 annum
1531 1826 1727 1890 facta
1772 1826 2041 1907 possint
2102 1827 2481 1907 explicari,
2549 1845 2836 1909 quoque

478 1932 685 1996 modo
737 1933 887 1996 dies
922 1933 1203 1996 aedium
1237 1933 1514 1996 natales
1563 1938 1633 1996 et
1681 1937 1961 1996 veteres
2011 1933 2157 1996 dies
2205 1933 2365 1996 festi
2414 1934 2483 1995 in
2517 1934 2839 1999 hemero-

486 2042 692 2122 logiis
757 2042 1144 2105 maioribus
1210 2041 1462 2104 litteris
1528 2042 1905 2121 significati
1971 2041 2438 2121 cohaereant3
2502 2042 2690 2123 quod
2755 2048 2840 2107 ut

478 2147 758 2212 facilius
792 2149 1284 2230 perspiciatur,
1344 2149 1653 2212 omnium
1701 2154 1772 2211 et
1819 2166 2201 2229 sacrorum,
2254 2148 2339 2212 de
2382 2150 2634 2230 quibus
2667 2150 2837 2214 fasti

482 2260 603 2318 aut
674 2256 858 2318 inter
929 2274 1003 2318 se
1079 2259 1201 2318 aut
1273 2275 1317 2318 a
1382 2273 1618 2318 rerum
1694 2255 2153 2337 scriptoribus
2225 2256 2680 2337 dissentiunt,
2762 2264 2839 2321 et

482 2365 807 2424 veterum
873 2361 1146 2425 dierum
1212 2362 1578 2445 festorum,
1643 2362 1713 2425 in
1763 2381 1936 2445 quos
1984 2363 2301 2428 natalicii
2353 2363 2501 2428 dies
2550 2365 2838 2430 aedium

483 2468 842 2559 incidunt‚}
863 2471 1239 2535 elenchum
1271 2473 1651 2553 praebebo:

697 2601 1054 2672 Saturnus
1150 2602 1155 2609 “

485 2720 656 2786 Dec.
724 2726 824 2788 17.
920 2723 1689 2828 SAT(URNALIA)

656 2848 879 2933 feriae
929 2846 1289 2930 Saturum)
2545 2850 2589 2913 f.
2639 2849 2831 2913 Maff.

657 2955 937 3039 serane)
989 2954 1290 3020 Saturno

665 3060 1171 3151 SaturnfflKad
1212 3065 1503 3150 somam)
2523 3011 2568 3073 f.
2619 3010 2832 3074 Amit.

701 3281 925 3352 Ceres

488 3400 656 3483 APr.
714 3407 814 3468 19.
921 3405 1500 3506 GER(1ALIA)

665 3545 907 3590 mense
940 3527 1117 3608 Aug.
1142 3530 1189 3611 1)
1240 3528 1806 3591 anniversarium
1840 3527 2115 3592 Cereris
2185 3528 2338 3591 Liv.
2374 3527 2580 3591 XXII
2630 3533 2734 3608 56,
2772 3533 2836 3594 4.

670 3633 822 3700 Oct.
878 3641 917 3700 4
1010 3635 1337 3697 ieiunium
1394 3632 1654 3698 Cereris
2525 3634 2569 3696 f.
2621 3633 2835 3697 Amit.

636 3813 675 3879 ¹)
717 3829 955 3866 sacrum
993 3815 1152 3867 intra
1190 3813 1362 3866 XXX
1402 3813 1530 3866 dies
1571 3812 1721 3878 (Liv.
1760 3812 1935 3866 XXII
1976 3816 2060 3880 56,
2117 3816 2148 3863 4
2188 3811 2442 3865 XXXIV
2481 3816 2529 3880 6,
2573 3816 2636 3862 15
2676 3812 2839 3865 Plut.

489 3901 632 3955 Fab.
672 3902 828 3955 Max.
872 3906 964 3970 183
1003 3903 1161 3956 Fest.
1203 3918 1294 3972 ep.
1332 3919 1387 3972 p.
1430 3905 1493 3953 97
1535 3902 1686 3955 falso
1728 3900 1770 3955 C
1812 3902 1979 3968 dies),
2019 3902 2239 3970 quibus
2280 3900 2355 3953 ad
2378 3899 2617 3954 Cannas
2658 3903 2830 3954 inter·

490 3992 680 4044 fectos
717 3993 1008 4044 matronis
1058 3993 1229 4045 licuit
1278 3993 1510 4061 lugere,
1565 3992 1848 4044 omissum
1870 4007 2006 4044 cum
2057 4007 2268 4061 pugna
2317 3989 2648 4043 Cannensis
2688 4006 2740 4043 a.
2783 3992 2839 4044 d.

489 4080 570 4135 IV
621 4096 758 4133 non.
800 4079 959 4135 Sext.
1019 4081 1296 4146 (Macrob.
1346 4080 1402 4135 S.
1460 4080 1509 4132 I·
1539 4083 1625 4145 16)
1667 4082 2152 4148 committeretur,
2210 4080 2344 4133 aliis
2384 4080 2557 4131 annis
2608 4080 2838 4132 factum

490 4185 622 4224 esse
659 4184 865 4223 mense
906 4168 1114 4224 Sextili
1153 4185 1329 4223 nemo
1367 4170 1636 4240 negabit.
