3057 4850
1148 324 1577 387 *51-

361 536 491 582 ara
552 516 837 582 Saturni
902 517 993 581 ad
1040 517 1270 580 forum
1336 520 1464 582 sub
1532 517 1719 582 clivo
1771 516 2168 600 Capitolino
2219 514 2448 603 (Dion.
2499 517 2533 582 I

185 630 266 690 34
317 624 415 687 VI
468 630 495 689 1
551 623 735 687 Fest.
786 643 852 706 p.
905 631 1032 691 322
1081 625 1391 689 Macrob.
1442 624 1506 689 S.
1558 626 1592 687 I
1640 632 1699 706 8,
1758 629 1782 689 l
1833 625 2003 690 SAT
2054 627 2140 690 cf.
2192 626 2346 690 aed.
2401 632 2486 710 2).

361 733 562 795 lucus
611 732 962 795 Libitinae
1012 731 1240 815 (Dion.
1291 732 1389 795 IV
1427 739 1504 799 15
1556 732 1734 795 Plut.
1788 733 1869 815 Q.
1907 732 1983 796 R.
2035 739 2118 800 23
2167 733 2399 797 Numa
2453 740 2531 800 12

181 837 366 902 Fest.
417 857 482 920 p.
536 845 663 905 265
714 838 800 903 cf.
856 838 1009 902 aed.
1068 844 1237 922 111).

363 941 616 1009 deinde
685 946 1014 1027 delubra,
1081 965 1264 1028 quae
1333 947 1520 1028 quod
1588 948 1836 1012 eadem
1903 948 1975 1010 in
2041 948 2329 1029 regione
2396 948 2534 1012 sita

183 1056 408 1134 erant,
469 1053 763 1117 aedibus
815 1054 1084 1117 abolita
1131 1072 1283 1117 esse
1328 1054 1488 1117 *veri
1538 1054 1763 1118 simile
1813 1058 1954 1118 est:

360 1161 701 1225 sacellum
764 1161 1174 1242 Aesculapii
1236 1161 1307 1223 in
1369 1160 1603 1224 insula
1668 1161 1867 1243 (Plin.
1918 1161 1985 1224 h.
2039 1180 2105 1224 n.
2155 1162 2399 1225 XXIX
2453 1170 2531 1229 16

181 1268 451 1331 Preller
497 1267 531 1330 I
579 1273 701 1334 241
758 1285 819 1330 a.
878 1274 902 1332 1
961 1267 1048 1331 cf.
1101 1267 1254 1331 aed.
1309 1273 1438 1350 24).

361 1374 703 1437 sacellum
728 1373 842 1437 Dii
867 1373 1048 1436 Fidii
1098 1374 1189 1437 ad
1236 1379 1516 1456 portam
1565 1374 1996 1456 Sanqualem
2045 1375 2273 1459 (Dion.
2307 1376 2405 1439 IV
2449 1383 2531 1444 58

179 1483 285 1546 IX
334 1489 416 1550 60
464 1482 616 1545 Liv.
668 1482 835 1545 VIII
884 1488 987 1563 20,
1039 1488 1076 1548 8
1129 1481 1256 1548 Ov.
1308 1483 1352 1544 f.
1403 1482 1500 1544 VI
1551 1488 1674 1548 217
1728 1482 2018 1545 Tertull.
2072 1483 2162 1546 ad
2210 1487 2354 1547 nat.
2392 1484 2458 1547 II
2492 1491 2530 1551 9

179 1591 270 1655 cf.
324 1591 477 1654 aed.
533 1595 615 1678 7).

359 1698 700 1762 sacellum
747 1697 946 1761 Fidei
1010 1697 1081 1759 in
1131 1696 1477 1779 Capitolio
1527 1697 1756 1780 (Dion.
1806 1697 1874 1760 II
1927 1704 2006 1764 75
2056 1699 2236 1762 Plut.
2302 1699 2533 1764 Numa

185 1811 264 1872 16
314 1805 561 1869 Varr0.
613 1806 656 1868 1.
708 1807 750 1869 l.
803 1806 865 1868 V
919 1811 999 1871 74
1050 1805 1139 1870 cf.
1192 1806 1345 1868 aed.
1399 1810 1530 1889 33).

359 1914 701 1978 sacellum
748 1913 955 1976 Fonti
1003 1931 1224 1994 prope
1283 1913 1374 1975 ad
1436 1917 1716 1994 portam
1764 1913 2211 1978 Fontinalem
2260 1915 2529 1998 (FONT

179 2019 270 2084 cf.
326 2021 479 2084 aed.
532 2024 662 2104 39).

358 2128 559 2191 lucus
607 2127 902 2191 Junonis
964 2127 1279 2191 Lucinae
1346 2127 1417 2190 in
1464 2127 1795 2208 Esquiliis
1845 2128 2097 2210 (Varro
2147 2130 2191 2192 l.
2242 2131 2285 2193 1.
2336 2131 2399 2194 V
2450 2137 2531 2198 74

178 2233 384 2297 Dion.
434 2234 531 2298 IV
584 2241 662 2301 15
714 2234 842 2301 Ov.
894 2235 938 2297 f.
990 2234 1056 2298 II
1104 2240 1231 2301 435
1282 2234 1456 2297 Plin.
1507 2234 1573 2296 h.
1625 2253 1691 2297 n.
1752 2234 1919 2298 XVI
1968 2241 2096 2302 235
2146 2236 2528 2305 MATRON

181 2341 269 2405 cf.
323 2342 475 2405 aed.
533 2347 658 2424 12).
1888 2378 1892 2389 ·

358 2451 700 2514 sacellum
751 2450 1026 2531 Quirini
1074 2451 1145 2514 in
1195 2451 1376 2516 colle
1421 2450 1598 2534 (Liv.
1642 2451 1740 2514 IV
1789 2458 1892 2532 21,
1946 2458 1982 2518 9
2034 2451 2163 2519 Ov.
2215 2453 2259 2516 f.
2296 2453 2364 2516 II
2397 2460 2525 2521 475

178 2555 354 2619 Plin.
404 2557 470 2619 h.
521 2577 586 2620 n.
636 2558 769 2621 XV
823 2563 946 2624 120
995 2558 1178 2622 Fest.
1214 2577 1280 2640 p.
1334 2564 1481 2624 254.
1520 2558 1779 2621 flamen
1829 2558 2216 2639 Quirinalis
2252 2560 2324 2626 C.
2364 2561 2415 2624 I.
2453 2562 2529 2625 L.

178 2663 284 2727 IX
337 2670 507 2730 3154
559 2665 780 2746 QVIR
832 2666 919 2730 cf.
972 2665 1126 2729 aed.
1182 2670 1353 2748 107).

361 2773 702 2835 sacellum
735 2773 1003 2836 Salutis.
1044 2773 1134 2835 ad
1183 2780 1464 2854 portam
1497 2772 1899 2836 Salutarem
1946 2773 2018 2835 in
2068 2775 2250 2838 colle
2301 2780 2536 2857 (porta

179 2876 524 2941 Salutaris
571 2878 798 2941 Varro
847 2879 890 2941 l.
941 2880 983 2941 1.
1035 2879 1097 2941 V
1149 2885 1228 2944 74
1280 2879 1479 2943 collis
1527 2880 1873 2943 Salutaris
1922 2880 2148 2944 Varro
2194 2882 2237 2944 l.
2274 2883 2316 2946 l.
2353 2883 2415 2946 V
2450 2890 2533 2950 52

177 2984 268 3047 cf.
320 2984 474 3047 aed.
531 2990 661 3066 16).
2567 3055 2570 3058 ,

359 3092 702 3155 sacellum
749 3093 1106 3157 Victoriae
1156 3094 1229 3157 in
1276 3095 1552 3158 Palatio
1602 3094 1830 3178 (Dion.
1866 3098 1898 3160 I
1934 3103 2016 3163 32
2068 3099 2156 3163 cf.
2209 3100 2362 3163 aed.
2405 3106 2531 3181 17).

361 3198 615 3262 deinde
664 3200 979 3283 delubra,
1031 3220 1328 3282 quorum
1375 3202 1585 3266 situm
1634 3204 2004 3286 nescimuS‚
2057 3224 2240 3287 quae
2290 3211 2530 3271 tamen

180 3305 415 3369 locum
438 3308 908 3370 recentiorum
932 3308 1212 3372 aedium
1232 3310 1632 3373 obtenuisse
1644 3311 2226 3392 praecedentium
2249 3333 2339 3378 ex
2367 3333 2534 3379 ana-

180 3412 373 3493 logia
421 3414 748 3478 conicere
799 3434 1201 3497 possumus:

361 3523 704 3587 sacellum
751 3523 1006 3587 Florae
1055 3524 1125 3586 in
1191 3525 1370 3589 colle
1438 3525 1720 3607 (flamen
1769 3526 2071 3592 Floralis
2117 3529 2346 3593 Varro
2394 3530 2437 3592 1.
2489 3531 2531 3593 l.

179 3628 312 3692 VII
362 3635 445 3696 45
496 3631 583 3694 cf.
637 3630 790 3693 aed.
845 3636 973 3713 95).

362 3738 703 3800 sacellum
738 3737 999 3801 Larum
1043 3739 1493 3803 Publicorum
1526 3741 1597 3803 in
1632 3760 1906 3805 summa
1938 3761 2149 3807 sacra
2181 3743 2303 3807 via
2321 3748 2366 3827 1)
2417 3745 2533 3828 (cf.

179 3844 337 3907 aed.
395 3848 522 3926 73).

362 3953 703 4017 sacellum
752 3954 987 4019 Liberi
1037 3956 1104 4018 in
1152 3955 1499 4038 Capitolio
1550 3956 1743 4038 (LIB.
1796 3958 1883 4021 cf.
1936 3959 2089 4022 aed.
2147 3964 2316 4039 103).

361 4059 703 4123 sacellum
751 4062 1116 4126 Minervae
1164 4064 1235 4125 in
1285 4063 1641 4126 Aventino
1676 4065 1998 4147 (QVINQ
2047 4066 2134 4129 cf.
2188 4066 2341 4129 aed.
2397 4070 2528 4149 45).

327 4203 365 4271 ¹)
416 4203 602 4258 Lares
629 4206 900 4275 publicos
951 4211 1010 4260 et
1046 4208 1189 4262 deos
1223 4209 1482 4265 Penates
1518 4210 1742 4264 sacella
1778 4210 2029 4265 aedibus
2055 4212 2389 4265 vetustiora
2429 4208 2534 4265 ha-

174 4295 385 4351 buisse
412 4293 594 4348 nullis
620 4296 975 4350 testimoniis
1004 4296 1448 4354 demonstratur
1473 4299 1588 4354 nisi
1619 4298 1866 4354 deorum
1911 4303 2208 4356 vestutae.
