3057 4850
1102 321 1550 393 ...11-

134 522 272 595 166
305 520 355 610 8)
436 535 565 590 ara
636 515 928 590 fuhnine
994 518 1393 607 interrupta
1466 539 1528 588 a.
1602 520 1951 592 641--113
1974 521 2023 609 ⁹)
2096 514 2503 608 principatu

131 633 429 699 Claudii
477 638 730 699 exusta
760 638 835 717 10)
883 633 1194 714 parietes
1240 633 1477 714 pictae
1528 652 1591 696 a.
1628 631 1702 696 C.
1735 631 1957 695 Fabio
2006 649 2147 697 cos.
2184 651 2246 695 a.
2283 637 2503 700 4852-

131 746 275 808 269
308 744 386 824 11)
433 740 856 822 supplicatio
907 740 1104 804 facta
1160 744 1232 804 et
1278 740 1582 804 maiores
1637 739 1911 803 hostiae
1969 738 2375 802 immolatae
2437 758 2499 803 a.

135 853 504 915 548=206
533 852 608 930 12)
650 846 1077 911 valetudinis
1120 865 1340 911 causa
1382 846 1947 911 decemvirorum
1993 845 2264 909 monitu
2296 862 2502 928 supp-

134 955 392 1019 licatio
441 954 688 1018 habita
735 973 780 1017 a
829 954 1184 1018 coronatis
1233 957 1303 1017 et
1349 954 1671 1017 lauream
1718 952 1791 1016 in
1839 970 2055 1015 manu
2081 952 2501 1017 tenentibus

136 1082 205 1126 a.
266 1067 622 1129 574=180
671 1060 983 1142 Apollini
1031 1059 1456 1142 Aesculapio
1505 1059 1750 1125 Saluti.
1785 1063 1860 1141 1³)

331 1227 434 1289 17.
528 1222 761 1286 Aedes
808 1221 1165 1287 Victoriae
1212 1221 1284 1285 in
1316 1221 1591 1285 Palatio
1615 1224 1660 1304 1)
1712 1239 1774 1284 a.
1823 1219 1899 1283 L.
1943 1218 2297 1283 Postumio
2347 1221 2501 1284 aed.

139 1348 297 1394 cur.
369 1348 459 1393 ex
523 1330 919 1395 multaticia
982 1329 1290 1412 pecunia
1357 1327 1692 1392 facienda
1759 1327 2033 1409 locata,
2103 1329 2192 1391 ab
2255 1327 2504 1391 eodem

139 1455 291 1502 cos.
345 1436 571 1500 dedic.
622 1456 685 1500 a.
737 1442 1088 1504 460———294
1114 1441 1161 1518 2)
1633 1450 1643 1457 ’

334 1604 439 1665 18.
506 1597 738 1662 Aedes
773 1596 1050 1678 Quirini
1094 1598 1166 1660 in
1200 1596 1382 1661 colle
1409 1600 1455 1679 1)
1504 1614 1567 1659 a.
1602 1595 1679 1659 L.
1714 1595 1997 1678 Papirio
2025 1594 2327 1660 Cursore
2361 1613 2501 1660 cos.

143 1704 382 1769 dedic.
434 1723 496 1767 a.
533 1709 883 1770 461=293
901 1708 947 1785 2)
997 1723 1059 1766 a.
1110 1703 1174 1766 d.
1223 1703 1326 1768 ΠΙ
1372 1703 1514 1767 kal.
1550 1701 1941 1767 Ju1.=Jun.
1979 1708 2061 1769 29
2084 1706 2134 1785 3)
2182 1701 2270 1766 de
2303 1703 2505 1768 caelo

142 1817 354 1877 tacta
421 1831 482 1874 a.
536 1817 884 1879 548=206
908 1816 956 1894 4)
1022 1811 1348 1875 incendio
1399 1811 1638 1875 deleta
1693 1829 1755 1874 a.
1812 1816 2115 1878 705=49
2137 1813 2185 1894 ⁵)
2233 1810 2507 1875 refecta

146 1939 378 2005 usque
410 1920 501 1984 ad
527 1940 588 1983 a.
621 1925 980 2002 708=46⁶)
1008 1920 1338 1984 dedicata
1364 1921 1454 1984 ab
1473 1919 1791 2002 Augusto
1821 1939 1883 1984 a.
1911 1923 2271 2002 738=16⁷)
2300 1936 2506 2000 supp-

144 2028 396 2093 licatio
445 2027 692 2092 habita
733 2033 804 2092 et
849 2028 1121 2093 hostiae
1167 2030 1471 2093 maiores
1510 2013 1918 2092 immolatae
1959 2046 2022 2090 a.
2059 2031 2431 2095 548--206.
2457 2031 2506 2108 ⁸)

151 2262 217 2328 ¹⁰)
262 2261 413 2315 Plin.
452 2258 512 2315 h.
542 2278 608 2321 ,n.
660 2261 883 2315 XXXV
927 2266 1009 2313 19.
1101 2261 1161 2327 11)
1202 2262 1352 2315 Plin.
1391 2262 1428 2314 l.
1469 2278 1515 2314 c.
1610 2261 1671 2326 ¹²)
1728 2261 1855 2314 Liv.
1895 2261 1931 2313 l.
1973 2277 2021 2313 c.
2111 2260 2174 2326 ¹⁸)
2212 2259 2343 2312 Liv.
2396 2259 2505 2314 XL

154 2353 245 2417 37,
285 2353 335 2418 2,
385 2347 502 2404 hac
551 2365 627 2402 ex
676 2352 1102 2419 compositione
1146 2356 1400 2421 >apparet
1452 2351 1626 2404 deam
1676 2352 1856 2420 plane
1905 2350 2239 2404 Romanam
2290 2349 2504 2402 salutis

154 2440 436 2509 publicae
483 2441 604 2493 iam
661 2456 783 2493 non
833 2441 1089 2494 discerni
1138 2443 1213 2495 ab
1260 2442 1528 2512 Hygiea3
1581 2457 1779 2509 neque
1825 2456 1969 2493 vero
2018 2455 2261 2509 prorsus
2313 2440 2506 2508 pristi-

157 2544 301 2581 nam
338 2531 533 2583 amisit
572 2534 870 2597 naturam,
923 2547 1059 2583 cum
1098 2532 1193 2585 vel
1234 2530 1469 2585 Claudii
1507 2531 1876 2599 temporibus
1917 2531 2247 2599 augurium
2287 2527 2513 2582 salutis

159 2623 504 2688 susceptum
543 2620 619 2673 sit
658 2619 820 2684 (Tac.
861 2635 999 2673 ann.
1040 2620 1155 2674 XII
1196 2623 1305 2686 23).

304 2747 387 2796 17.
428 2744 468 2809 ¹)
507 2744 743 2798 Becker
780 2748 884 2796 420
934 2745 1160 2798 Preller
1198 2743 1256 2798 II
1296 2745 1398 2795 245
1435 2743 1729 2798 Lanciani
1776 2745 1920 2798 bull.
1962 2744 2015 2797 d.
2057 2757 2204 2799 com.
2257 2760 2405 2799 com.
2446 2746 2504 2798 di

156 2832 351 2886 Roma
388 2832 473 2886 XI
515 2836 651 2884 1883
689 2850 745 2903 p.
775 2837 904 2897 2063
943 2836 1005 2887 in
1032 2835 1263 2887 Palatio
1292 2836 1767 2888 vetustissimum
1806 2821 2095 2890 sacellum
2135 2834 2285 2888 deae
2321 2835 2511 2889 fuisse

155 2922 485 2975 memoriae
532 2922 729 2991 prodit
777 2922 952 2976 Dion.
994 2924 1019 2976 I
1061 2927 1157 2991 323
1197 2940 1249 2976 a.
1291 2927 1585 2975 550=204
1622 2925 1685 2976 in
1735 2924 1947 2978 aedem
1983 2923 2303 2992 Victoriae,
2353 2940 2511 2993 quae

158 3013 349 3065 estin
400 3011 652 3080 Palatio,
703 3012 928 3082 Magna
977 3013 1167 3065 Mater
1218 3013 1401 3066 Idaea
1447 3015 1747 3083 perfertur
1799 3012 1950 3078 (Liv.
2001 3013 2204 3067 XXIX
2258 3018 2339 3083 14,
2397 3018 2511 3084 13);

159 3100 305 3170 quid
342 3102 534 3170 igitur
561 3102 810 3170 obsistit,
851 3104 1170 3171 quominus
1197 3107 1478 3172 putemus
1515 3104 1822 3171 sacellum,
1861 3107 1930 3156 ut
1967 3105 2209 3173 saepius
2249 3105 2331 3174 fit,
2372 3105 2508 3159 aedi

159 3192 409 3244 cessisse
444 3190 692 3244 Prelleri
731 3193 1031 3245 sententia
1068 3194 1132 3245 in
1165 3191 1454 3261 Capitolio
1481 3193 1773 3261 templum
1813 3208 1943 3245 esse
1981 3195 2223 3246 reiecta.
2298 3194 2340 3260 2)
2378 3193 2511 3247 Liv.

158 3277 214 3331 X
253 3282 338 3347 33,
382 3283 430 3330 9.
2150 3280 2153 3283 ’

305 3407 387 3456 18.
432 3405 470 3470 1)
511 3404 744 3459 Becker
785 3409 885 3457 509
924 3407 1151 3460 Preller
1179 3406 1207 3459 I
1235 3409 1336 3457 374
1374 3406 1605 3460 Jordan
1633 3406 1819 3460 11267
1861 3405 2012 3477 Eph.
2054 3424 2143 3477 ep.
2180 3409 2207 3461 I
2242 3411 2359 3461 231.
2390 3412 2510 3461 238.

163 3493 203 3559 ²)
240 3492 371 3546 Liv.
419 3493 477 3546 X
514 3497 602 3563 46,
644 3498 690 3546 7.
767 3496 808 3561 ⁸)
857 3498 974 3550 fast
1022 3496 1168 3549 Veu.
1222 3497 1299 3549 ad
1348 3496 1490 3550 Jun.
1532 3500 1598 3547 29
1640 3495 1701 3550 C.
1742 3497 1786 3548 I.
1823 3496 1890 3550 L.
1931 3495 1958 3549 I
1996 3513 2051 3566 p.
2104 3500 2223 3549 395.
2299 3498 2341 3562 4’)
2380 3497 2510 3551 Liv.

162 3582 419 3636 XXVIII
462 3586 545 3651 11,
586 3588 633 3635 4.
710 3585 750 3649 5)
790 3585 904 3638 Dio
949 3585 1085 3638 XLI
1128 3590 1210 3653 14,
1251 3590 1298 3637 3.
1371 3586 1414 3652 6)
1454 3586 1569 3639 Dio
1609 3586 1809 3639 XLIII
1849 3589 1942 3654 45,
1983 3589 2014 3636 3
2077 3580 2243 3652 ἄλλην
2287 3591 2349 3639 τέ
2389 3606 2512 3639 τινα

161 3663 342 3723 εἰκόνα
391 3673 444 3729 ἐς
488 3665 586 3723 τὸν
631 3674 731 3724 τοῦ
779 3678 1024 3748 Κυρίνου
1074 3668 1212 3726 ναὸν
1257 3675 1372 3741 θεῷ
1423 3667 1653 3750 οἷνικῇτῳ
1706 3667 2108 3748 ἐπιγράψαντες
2145 3715 2157 3727 .
2200 3713 2211 3728 .
2254 3715 2264 3727 .
2305 3716 2317 3728 .
2358 3678 2415 3728 ἐν
2452 3678 2515 3749 τῇ

162 3752 325 3831 Ρώμῃ
352 3753 642 3814 (ἐνέθεσαν.
727 3762 766 3827 ⁷)
794 3762 909 3817 Dio
936 3762 1068 3816 LIV
1111 3766 1192 3831 19,
1232 3767 1282 3814 4.
1308 3779 1464 3816 mon.
1494 3762 1641 3816 Ano.
1670 3762 1752 3816 IV
1774 3766 1804 3813 5
1832 3764 1903 3816 cf.
1931 3763 2260 3818 Mommsen
2288 3762 2510 3819 RGDA

162 3867 216 3919 p.
234 3852 319 3902 53.
336 3851 548 3905 aedem
565 3852 640 3905 ob
659 3852 1015 3906 discordiam
1031 3854 1375 3906 intestinam
1393 3850 1562 3906 haud
1576 3854 1797 3921 optime
1817 3855 2157 3907 restitutam
2176 3855 2513 3924 perfecerat

165 3938 482 4009 Augustus
533 3945 592 3994 et
638 3942 962 4011 magnifico
1013 3946 1414 3996 exornaverat
1461 3944 1713 4011 porticu.
1790 3943 1831 4007 ⁸)
1881 3943 2011 3996 Liv.
2060 3943 2319 3998 XXVIII
2359 3949 2440 4013 11,
2481 3947 2512 3995 5

163 4030 346 4082 verba
383 4028 541 4082 Livii
581 4030 660 4083 IV
703 4034 787 4099 21,
828 4034 858 4081 9
899 4047 936 4082 α
985 4029 1270 4100 Verginio
1309 4033 1559 4084 senatus
1597 4029 1665 4083 in
1703 4032 1848 4086 aede
1880 4030 2129 4094 Quirini
2168 4033 2512 4087 consulitur

166 4119 236 4183 (a.
264 4121 581 4184 319=435)
624 4121 700 4173 ad
726 4121 893 4174 aliud
939 4121 1034 4174 dei
1073 4122 1361 4190 templum
1400 4123 1463 4174 in
1500 4122 1652 4174 colle
1690 4126 1965 4191 spectare
1991 4127 2155 4192 puto,
2196 4124 2301 4176 ubi
2340 4139 2514 4177 sacra

166 4208 310 4262 fiunt
368 4209 544 4262 Febr.
600 4214 661 4262 17
712 4212 782 4263 cf.
834 4212 967 4265 fast.
1018 4211 1248 4266 Caeret.
1301 4196 1545 4267 Farnes.
1598 4210 1749 4282 Eph.
1803 4228 1893 4283 ep.
1942 4212 2032 4266 III
2081 4216 2111 4264 6
2163 4211 2224 4266 C.
2274 4213 2319 4264 I.
2366 4212 2434 4267 L.
2485 4213 2513 4265 I

166 4313 216 4366 p.
244 4301 344 4349 386
374 4297 484 4351 Ov.
523 4298 562 4350 f.
592 4298 650 4351 II
678 4302 775 4351 511
807 4299 1059 4366 (Jordan
1084 4301 1121 4353 l.
1149 4303 1239 4368 c.):,
1279 4301 1353 4354 de
1379 4317 1549 4356 sacro
1587 4300 1746 4371 Aug.
1787 4305 1853 4353 23
1881 4302 2020 4355 vide
2059 4319 2147 4372 cp.
2176 4302 2234 4355 II
2261 4299 2321 4356 h.
2363 4303 2499 4358 diss.
