3057 4850
1399 261 1665 338 ——‚48
1757 294 1848 302 ..-

449 453 708 519 Salutis
757 453 828 515 in
878 453 1058 517 colle

448 579 805 644 Victoriae
857 578 926 640 in
973 577 1249 641 Palatio

452 704 727 785 Quirini
773 704 845 766 in
895 703 1075 767 colle

450 829 652 893 Jovis
701 829 997 893 Statoris
1048 829 1119 890 in
1169 847 1360 891 nova
1410 828 1528 890 via

452 954 754 1018 Telluris
804 955 876 1017 in
926 954 1185 1018 carinis

453 1079 651 1143 Fidei
700 1080 771 1141 in
821 1078 1167 1160 Capitolio

453 1205 822 1268 Minervae
872 1203 1141 1286 Captae
1190 1204 1261 1266 in
1311 1203 1551 1268 Caelio

454 1328 890 1413 Concordiae
938 1330 1008 1393 in
1061 1348 1228 1394 arce

453 1453 1573 1534 FortunaePrimigeniaeincolle

453 1580 742 1643 Veiovis
791 1580 861 1641 in
912 1598 1078 1643 arce

454 1704 813 1768 Victoriae
838 1704 1148 1786 Virginis
1181 1706 1252 1768 in
1275 1705 1571 1769 Palatio,

454 2973 509 3006 Μὴ,

1619 452 1623 553 ᾗ
1678 453 1907 516 Fortis
1954 452 2310 516 Fortunae
2362 456 2558 516 trans
2603 451 2821 518 Tibe-

1768 579 1901 623 r1m

1682 667 2041 732 Summani
2107 667 2196 731 ad
2261 669 2526 732 circum
2584 669 2818 732 maxi-

1771 793 1963 837 mum
2233 840 2240 843 ι

1685 881 1893 947 Consi
1940 882 2011 944 in
2063 882 2415 945 Aventino

1685 989 2056 1052 Vortumni
2104 990 2175 1052 in
2223 989 2577 1075 Aventino

1686 1096 1727 1159 J
1733 1096 1852 1159 ani
1901 1096 1992 1159 ad
2039 1095 2392 1160 theatrum
2443 1097 2771 1161 Marcelli

1687 1202 2216 1283 Tempestatum
2279 1205 2349 1266 in
2391 1204 2681 1285 regione
2722 1204 2761 1267 I

1687 1310 1850 1392 Spei
1898 1310 1967 1372 in
2017 1311 2167 1372 foro
2223 1312 2497 1375 olitorio

1686 1417 1727 1480 J
1733 1417 1885 1503 ovis
1912 1416 2292 1481 Libertatis
2332 1419 2402 1481 in
2449 1418 2818 1482 Aventino

1684 1523 1986 1587 Honoris
2036 1529 2104 1588 et
2152 1525 2445 1589 Virtutis
2504 1526 2595 1589 ad
2653 1545 2820 1608 por-

1778 1636 1923 1694 tam
1973 1631 2335 1713 Capenam

1690 1739 2037 1802 Juturnae
2084 1739 2155 1801 in
2206 1758 2458 1821 campo

1686 1846 2033 1909 Feroniae
2082 1846 2152 1908 in
2203 1865 2455 1928 campo

1686 1953 1984 2018 Volcani
2059 1953 2150 2016 ad
2219 1954 2487 2018 ‘circum
2551 1954 2820 2018 Flami-

1777 2062 1972 2124 nium
2406 2040 2414 2047 ”

1685 2168 2055 2231 Minervae
2104 2167 2178 2229 in
2223 2167 2580 2231 Aventino

1684 2274 1992 2356 Neptuni
2060 2275 2152 2337 ad
2219 2275 2488 2338 circum
2551 2274 2821 2339 Flami-

1773 2382 1967 2444 nium

1683 2489 2018 2553 Vediovis
2065 2490 2136 2552 in
2184 2489 2416 2553 insula

1683 2596 1908 2660 Fauni
1958 2597 2030 2660 in
2077 2597 2308 2659 insula

1682 2704 1976 2767 Junonis
2010 2703 2330 2784 Sospitae
2377 2706 2445 2767 in
2482 2705 2634 2767 foro
2685 2706 2814 2769 oli-

1772 2811 1949 2874 torio

1685 2918 2089 2982 Juventatis
2139 2918 2230 2981 ad
2265 2919 2533 2982 circum
2584 2921 2815 2984 maxi-

1774 3044 1983 3089 mum.

462 3128 575 3212 (de
625 3130 904 3211 templis
971 3136 1129 3212 post
1184 3132 1448 3195 bellum
1496 3132 1864 3213 Syriacum
1916 3134 2293 3196 exstructis
2343 3133 2507 3196 vide
2545 3133 2813 3216 infra.)

638 3237 990 3300 Junonem
1038 3238 1400 3320 Reginam,
1451 3239 1821 3320 Venerem,
1871 3239 2356 3320 Vortumnum,
2407 3240 2811 3322 Feroniam,

459 3344 810 3408 Junonem
843 3345 1193 3426 Sospitam
1245 3350 1449 3409 extra
1496 3347 1886 3427 pomerium
1933 3348 2166 3411 locum
2212 3348 2594 3429 accepisse,
2646 3367 2816 3412 cum

461 3470 704 3515 eorum
755 3452 984 3515 cultus
1047 3471 1137 3515 ex
1183 3453 1433 3516 Italiae
1484 3452 1760 3534 oppidis
1808 3453 2101 3516 Romam
2152 3455 2481 3533 venisset,
2546 3455 2601 3517 si
2652 3456 2816 3536 quis

461 3559 835 3638 existimet,
887 3578 969 3622 eo
1018 3561 1385 3640 refutatur,
1437 3560 1625 3641 quod
1660 3559 1934 3624 Castori
1983 3565 2053 3623 et
2100 3561 2390 3642 Polluci,
2440 3562 2816 3627 Minervae

463 3669 753 3748 Captae,
804 3666 1159 3729 Fortunae
1206 3666 1698 3748 Primigeniae,
1765 3686 1947 3748 quae
1996 3669 2291 3731 numina
2338 3670 2612 3750 etipsa
2667 3688 2817 3732 non

461 3769 550 3838 ab
592 3774 790 3837 initio
816 3773 1080 3837 Romae
1117 3775 1533 3838 colebantur
1566 3774 1689 3837 sed
1716 3773 2038 3856 TusculO,
2075 3775 2391 3856 FaleriiS,
2427 3776 2819 3840 Praeneste

461 3883 1033 3962 accersebantur,
1063 3882 1250 3944 intra
1274 3882 1664 3962 pomerium
1690 3881 1891 3944 sedes
1918 3889 2217 3962 paratae
2240 3888 2419 3947 sunt.
2471 3883 2562 3945 At
2596 3883 2820 3947 aedes

458 3989 722 4069 Martis,
774 3989 1130 4070 Bellonae,
1166 3988 1482 4069 Volcani,
1535 3991 1610 4049 ut
1644 3993 1846 4050 extra
1883 3990 2129 4052 urbem
2159 3992 2428 4076 fierent,
2479 3995 2821 4054 naturam

462 4097 752 4160 deorum
777 4097 1183 4178 poposcisse
1209 4095 1502 4158 forsitan
1539 4094 1693 4175 quis
1722 4094 1976 4158 dixerit
2002 4102 2072 4159 et
2097 4096 2452 4159 Fortunae
2486 4096 2821 4161 Muliebri

461 4204 826 4267 delubrum
875 4222 956 4266 eo
998 4203 1155 4266 loco
1202 4202 1560 4266 conditum
1597 4220 1769 4282 esse,
1817 4221 1951 4283 quo
1997 4201 2409 4266 Coriolanus
2453 4203 2698 4266 matris
2746 4211 2824 4269 et
