3057 4850
1142 307 1680 368 *49--1

200 500 516 563 mulieris
564 499 894 581 precibus
942 504 1171 562 motus
1219 499 1495 579 signum
1545 500 1864 580 receptui
1928 499 2202 563 dedisse
2251 499 2545 580 putaba-

195 609 334 686 tur;
386 606 509 670 sed
559 607 725 671 licet
772 606 910 671 hoc
955 626 1205 670 verum
1254 607 1361 688 sit,
1413 607 1690 687 reliqua
1738 612 1976 671 tamen
2011 595 2278 689 templa
2316 606 2544 687 plera-

196 732 330 794 que
380 714 645 777 frustra
692 715 1097 795 quaesieriS‚
1168 733 1293 778 cur
1342 716 1515 777 urbe
1584 715 1877 779 exclusa
1942 733 2095 778 esse
2144 714 2541 777 videantur.

379 820 638 887 Omnes
666 821 898 902 aedes,
950 840 1126 902 quas
1161 840 1247 884 ex
1292 822 1487 884 libris
1513 821 1872 901 Sibyllinis
1899 805 2343 885 constructas
2391 837 2544 882 esse

195 928 473 1008 scimUS,
526 932 690 991 ante
743 947 803 991 a.
851 933 1195 994 537———217
1244 932 1448 991 extra
1511 928 1903 1008 pomerium
1950 928 2120 991 sitas
2168 928 2380 991 fuisse
2430 926 2546 990 hic

197 1035 538 1111 elenchus
589 1036 713 1100 tibi
761 1036 1245 1117 persuadebit:

417 1142 650 1206 Aedes
697 1143 1028 1206 Mercurii
1078 1143 1168 1206 ad
1218 1144 1483 1207 circum
1534 1144 1918 1206 maximum
1937 1147 1982 1224 1)

412 1250 644 1313 Aedes
695 1250 970 1330 Cereris
1021 1252 1110 1313 ad
1160 1251 1427 1315 circum
1475 1251 1860 1314 maximum

418 1356 650 1419 Aedes
700 1357 1045 1438 Apollinis
1096 1357 1184 1420 ad
1235 1358 1591 1421 theatrum
1640 1356 1961 1421 Marcelli

415 1464 647 1526 Aedes
701 1464 1102 1545 Aesculapii
1153 1466 1223 1527 in
1273 1466 1503 1528 insula

415 1570 646 1634 Aedes
694 1571 950 1635 Florae
1001 1573 1090 1635 ad
1140 1573 1408 1636 circum
1454 1573 1860 1635 maximum.

378 1677 535 1742 Hac
585 1679 742 1758 lege
813 1685 971 1760 post
1021 1699 1081 1742 a.
1136 1686 1259 1746 537
1312 1680 1593 1760 neglegi
1646 1683 1900 1759 coepta
1963 1678 2230 1759 templa
2277 1677 2548 1757 MentiS‚

198 1786 500 1848 Veneris
554 1785 922 1866 Erucinae,
986 1787 1230 1850 Matris
1277 1787 1602 1867 Magnae,
1670 1804 2099 1867 quamquam
2165 1784 2551 1848 decemviri

197 1893 540 1955 fatalibus
575 1893 770 1956 libris
804 1895 1140 1975 inspectis
1189 1894 1337 1957 fieri
1388 1913 1476 1957 ea
1523 1895 1891 1973 iusserant,
1943 1893 2130 1955 intra
2162 1892 2553 1973 pomerium

206 2000 587 2063 aedificata
635 2006 828 2080 sunt3
882 2016 969 2065 ac
1016 2020 1103 2064 ne
1155 2002 1333 2064 alias
1383 2020 1636 2064 causas
1686 2019 2009 2081 quaeraS,
2070 2018 2196 2064 cur
2247 1998 2408 2061 inde
2462 1999 2552 2061 ab

197 2106 319 2169 illo
371 2111 688 2188 tempore
740 2127 958 2189 usque
1010 2109 1099 2172 ad
1151 2108 1474 2173 Caesaris
1524 2114 1832 2171 aetatem
1881 2108 1981 2170 illi
2031 2107 2159 2170 soli
2191 2106 2554 2170 'adversus

200 2213 574 2293 pristinam
654 2217 1233 2280 consuetudinem
1315 2216 1517 2279 sedes
1585 2217 1651 2278 in
1724 2215 2071 2295 Capitolio
2140 2218 2209 2277 et
2277 2212 2553 2276 Palatio

207 2322 648 2404 acceperint,
728 2325 903 2387 scito
970 2330 1128 2406 post
1197 2326 1461 2388 bellum
1531 2324 1900 2403 Syriacum
1978 2341 2137 2386 cum
2205 2321 2553 2396 Antiocho

203 2435 503 2511 gestum,
574 2432 761 2512 quod
810 2433 1202 2497 incolarum
1251 2452 1543 2497 numero
1595 2433 1663 2494 in
1715 2432 1861 2494 dies
1909 2432 2136 2511 magis
2186 2429 2554 2510 magisque

201 2544 570 2601 crescente
620 2540 971 2604 interioris
1006 2542 1196 2605 urbis
1231 2542 1427 2605 locus
1475 2540 1776 2622 privatis
1821 2539 2113 2602 aedibus
2161 2538 2557 2618 occupaba-

203 2647 336 2724 tur,
393 2647 630 2709 omnia
676 2648 824 2710 fere
876 2649 1164 2712 deorum
1215 2649 1511 2712 delubra
1560 2653 1766 2710 extra
1813 2641 2206 2727 pomerium
2272 2644 2559 2708 condita

204 2769 360 2814 esse
427 2758 497 2815 et
550 2757 1170 2818 commutationem
1221 2761 1366 2818 tum
1419 2756 1698 2818 domum
1746 2755 2032 2830 factam,
2084 2771 2243 2816 cum
2294 2750 2558 2816 Caesar

199 2862 273 2920 et
300 2857 658 2939 Augustus
709 2863 1164 2943 imperatoria
1214 2866 1566 2943 potestate
1615 2862 1939 2925 instructi
1988 2859 2324 2924 continua
2374 2857 2559 2921 aedi-

207 2963 373 3027 ficia
419 2985 680 3046 magno
746 2970 973 3050 pretio
1042 2975 1281 3050 empta
1330 2970 1785 3048 subruebant7
1860 2973 1929 3030 ut
1978 2967 2181 3029 novis
2230 2965 2560 3047 operibus

196 3075 580 3154 moliendis
629 3076 862 3139 locum
911 3077 1041 3139 sibi
1090 3081 1463 3157 pararent3
1531 3077 1632 3139 ita
1679 3076 2075 3157 promiscue
2127 3074 2222 3136 dii
2271 3081 2341 3137 et
2389 3071 2563 3135 indi-

200 3190 402 3265 getes
467 3189 537 3248 et
600 3185 957 3266 peregrini
1025 3185 1214 3247 intra
1271 3185 1662 3266 pomerium
1732 3182 2089 3247 domicilia
2154 3183 2243 3245 ab
2302 3181 2384 3243 iis
2450 3199 2562 3244 ac-

208 3295 588 3373 ceperunt:

419 3400 658 3462 Venus
709 3398 1050 3463 Genetrix
1099 3401 1169 3461 in
1218 3400 1369 3461 foro
1421 3399 1746 3464 Caesaris

424 3505 760 3570 Felicitas
811 3506 880 3568 in
931 3507 1210 3570 comitio

426 3612 652 3676 Divus
702 3613 928 3677 Julius
979 3615 1047 3677 in
1096 3615 1247 3676 foro

427 3720 681 3801 Apollo
732 3722 801 3782 in
851 3721 1123 3784 Palatio

429 3827 826 3891 Concordia
875 3821 946 3892 in
994 3830 1270 3910 porticu
1320 3829 1568 3891 Liviae

426 3933 615 3997 Mars
664 3935 868 3997 Ultor
919 3937 988 3998 in
1039 3937 1190 3998 foro
1244 3936 1578 4016 Augusto,

352 4097 390 4161 ¹)
433 4097 543 4149 etsi
599 4097 835 4150 nullum
890 4103 1119 4151 certum
1173 4099 1581 4150 testimonium
1644 4094 1942 4151 habemus
1994 4097 2206 4150 aedem
2260 4112 2333 4149 ex
2397 4096 2566 4148 libris

200 4187 529 4257 Sibyllinis
584 4191 952 4240 exstructam
992 4203 1141 4254 esse,
1194 4192 1396 4239 tamen
1435 4188 1563 4240 veri
1618 4187 1808 4239 simile
1848 4187 2179 4253 habuerim,
2233 4185 2394 4254 quod
2448 4187 2563 4237 iam

207 4277 396 4349 primi
436 4275 786 4329 lectisternii
826 4291 877 4327 a.
918 4279 1210 4327 355=399
1252 4274 1399 4340 (Liv.
1439 4276 1489 4328 V
1534 4279 1614 4342 13,
1656 4279 1707 4340 6)
1749 4275 1898 4327 deus
1938 4277 2240 4344 particeps
2280 4280 2386 4328 est.
