3057 4850
1424 326 1870 387 *44*

652 515 759 581 Ex
807 515 914 581 his
963 536 1146 599 quae
1196 515 1510 599 disserui,
1561 519 1618 581 si
1668 519 1823 600 quis
1869 517 2181 582 nondum
2228 518 2398 582 satis
2447 518 2827 602 intellexit,

476 644 688 707 quam
736 644 875 688 non
925 628 1119 690 recte
1144 624 1414 688 Jordan
1447 624 1623 707 Eph.
1660 644 1768 707 ep.
1804 625 1836 688 I
1884 644 1948 707 p.
1987 632 2112 692 235
2157 626 2543 690 refectione
2577 628 2830 709 templi

474 750 836 813 nunquam
895 731 1079 794 diem
1127 732 1442 794 natalem
1490 732 1645 796 loco
1696 732 1966 796 moveri
2016 733 2492 814 contenderit,
2559 735 2636 814 is,
2704 736 2832 798 ubi

473 832 752 903 mecum
785 839 1339 919 pertractaverit
1390 839 1604 902 aedes
1637 839 1678 901 J
1684 838 1821 919 ani,
1872 838 2127 902 Florae
2162 857 2545 920 eorumque
2591 840 2829 923 deum,

477 964 773 1027 quorum
820 964 1030 1010 sacra
1094 945 1437 1009 natalicia
1500 945 1630 1008 soli
1680 951 2006 1010 auctores
2072 947 2409 1028 indicant,
2476 947 2619 1010 iam
2680 966 2834 1011 non

476 1052 842 1133 dubitabit,
912 1052 1077 1134 quin
1145 1052 1282 1114 viri
1344 1052 1530 1115 illius
1594 1051 1974 1116 doctissimi
2040 1053 2225 1116 falsa
2286 1053 2497 1117 fuerit
2563 1055 2831 1136 opinio,

527 1224 529 1229 ⁴
610 1159 862 1223 Exstat
896 1160 967 1222 in
1005 1160 1163 1223 fast.
1185 1159 1373 1222 Allis.
1399 1164 1469 1222 et
1485 1159 1667 1222 Vall.
1698 1160 1789 1223 ad
1821 1160 1999 1240 Aug.
2034 1166 2109 1226 17
2138 1162 2320 1224 Jano
2357 1163 2449 1225 ad
2485 1163 2833 1227 theatrum

476 1267 809 1347 Marcelli,
855 1267 1040 1329 idem
1076 1266 1165 1329 ad
1202 1266 1352 1332 Oct.
1395 1272 1473 1332 18
1508 1266 1578 1329 in
1613 1266 1812 1329 fastis
1845 1267 2085 1347 Amit.;
2135 1272 2514 1349 praeterea
2560 1270 2831 1335 scimus

474 1373 723 1436 aedem
773 1392 834 1436 a.
889 1379 921 1439 7
934 1378 1014 1438 70
1066 1392 1111 1436 a
1158 1372 1437 1437 Tiberio
1488 1373 1892 1436 dedicatam
1940 1392 2093 1436 esse
2127 1373 2320 1456 (Tac.
2373 1394 2534 1439 ann.
2570 1376 2636 1440 II
2671 1382 2832 1460 49);

474 1479 662 1560 quod
711 1479 923 1560 igitur
978 1480 1049 1543 in
1108 1479 1308 1542 fastis
1358 1479 1567 1542 Amit.
1620 1479 1751 1542 deo
1801 1498 1941 1542 non
1989 1480 2167 1561 Aug.
2227 1487 2302 1547 17
2355 1482 2480 1546 sed
2530 1483 2682 1549 Oct.
2740 1492 2830 1551 18

472 1587 934 1669 sacrificatur,
986 1605 1153 1650 num
1202 1587 1345 1649 alia
1391 1605 1468 1650 re
1514 1587 1868 1651 declarari
1916 1592 2147 1668 potest
2194 1607 2408 1669 quam
2442 1597 2835 1655 commuta-

473 1695 661 1758 tione
712 1694 849 1758 diei
896 1693 1202 1757 natalis?

650 1837 756 1900 De
823 1837 1000 1900 aede
1067 1836 1322 1900 Florae
1386 1836 1550 1899 fasti
1598 1837 1847 1900 Praen.
1911 1839 2257 1918 praebent
2322 1839 2413 1902 ad
2473 1839 2641 1921 Apr.
2695 1847 2824 1907 28:

473 1944 619 2008 ludi
670 1944 916 2007 Flora-e
967 1992 979 2005 .
1018 1992 1030 2005 .
1079 1992 1091 2005 .
1143 1944 1367 2006 eodem
1417 1945 1523 2006 die
1572 1945 1761 2006 aedis·
1813 1945 2081 2025 Florae,
2151 1967 2319 2028 quae
2381 1948 2575 2010 rebus·
2619 1949 2824 2032 flore-

469 2052 733 2116 scendis
755 2058 1050 2132 praeest,
1087 2051 1403 2114 dedicata
1437 2058 1533 2113 est
1553 2059 1841 2133 propter
1865 2034 2615 2138 sterilitatemfrugum,
2651 2055 2823 2119 fast.

472 2158 659 2221 Allif.
697 2157 788 2220 ad
820 2157 998 2237 Aug.
1040 2163 1118 2223 13
1154 2157 1408 2220 Florae
1442 2159 1534 2221 ad
1569 2158 1820 2221 circum
1854 2159 2251 2222 *maoeimumn
2327 2159 2501 2224 Cum
2527 2161 2829 2226 Verrius

472 2265 755 2329 tertium
781 2282 1023 2329 casum
1072 2283 1211 2327 non
1247 2263 1615 2345 addiderit,
1666 2265 1851 2328 idem
1900 2266 2087 2347 quod
2122 2266 2207 2330 de
2242 2268 2419 2331 aede
2445 2269 2824 2334 Minervae

470 2373 541 2437 in
590 2371 944 2436 Aventino
1012 2376 1118 2435 est
1166 2371 1656 2436 iudicandum:
1725 2373 2025 2454 primum
2094 2374 2345 2438 aedem
2410 2375 2823 2442 dedicatam

471 2499 623 2544 esse
675 2501 735 2543 a.
791 2487 916 2547 516
976 2480 1144 2561 Apr.
1196 2486 1299 2560 28,
1366 2480 1679 2544 refectae
1747 2481 1930 2543 diem
1997 2483 2311 2546 natalem
2373 2484 2443 2546 in
2503 2485 2679 2565 Aug.
2739 2493 2828 2553 13

472 2588 831 2651 transiisse
880 2587 1090 2670 idque
1141 2591 1305 2650 ante
1355 2606 1416 2650 a.
1472 2594 1503 2653 7
1515 2594 1618 2654 25.

650 2731 826 2794 Solis
861 2749 904 2794 a
936 2748 1172 2792 rerum
1205 2731 1665 2811 scriptoribus
1701 2731 1995 2794 traditos
2044 2732 2295 2795 harum
2337 2734 2617 2797 aedium
2668 2736 2828 2802 dies

472 2838 846 2902 natalicios
911 2837 1281 2918 habemus⁷
1322 2850 1526 2917 ⁴quos
1595 2839 1694 2900 ita
1760 2841 2210 2919 enumerabo,
2292 2847 2366 2902 ut
2432 2845 2830 2922 separatim

473 2946 765 3024 afferam
824 2962 943 3007 eos
991 2945 1228 3023 fastOS,
1300 2944 1370 3006 in
1420 2944 1671 3025 quibus
1722 2945 1869 3008 dies
1917 2946 2034 3008 ille
2086 2951 2337 3026 exstat,
2408 2949 2525 3029 qui
2578 2954 2830 3016 tamen

471 3071 752 3117 sacrum
804 3070 938 3113 non
993 3051 1365 3114 exhibent:

470 3178 629 3242 Jan.
686 3183 757 3242 11
827 3176 1173 3240 Juturnae
1451 3231 1456 3234 .
1695 3178 1847 3256 lOv.
1898 3180 1942 3241 f.
1994 3180 2025 3242 I
2076 3186 2201 3245 463
2373 3182 2643 3266 1Praen.

471 3285 675 3348 Febr.
731 3291 758 3350 1
806 3283 1122 3366 ,Junonis
1203 3284 1523 3365 Sospitae
1605 3286 1672 3348 in
2373 3271 2376 3352 ἒ

806 3385 810 3496 J
917 3391 1190 3454 Palatio
1595 3473 1600 3474 ἶ
1719 3393 1847 3459 Ov.
1898 3393 1943 3456 f.
1994 3393 2060 3457 Π
2112 3400 2192 3459 55
2372 3357 2476 3498 2-

470 3500 638 3582 Apr.
730 3506 757 3565 1
828 3498 1123 3562 Veneris
1188 3498 1676 3564 Verticordiae
1719 3500 1846 3567 Ov.
1899 3501 1943 3563 f.
1996 3501 2092 3563 IV
2145 3506 2267 3568 133
2392 3504 2643 3567 Praen.

470 3608 637 3689 Apr.
687 3613 764 3672 13
827 3606 1027 3668 Jovis
1075 3605 1378 3670 Victoris
1719 3608 1847 3675 Ov.
1898 3609 1942 3670 f.
1994 3608 2090 3671 IV
2140 3616 2259 3675 621
2394 3650 2482 3658 —

470 3715 611 3778 Mai
733 3721 758 3780 1
828 3713 1066 3777 Bonae
1114 3713 1311 3777 Deae
1720 3715 1847 3782 ov.
1899 3716 1943 3777 f.
1993 3715 2055 3778 V
2111 3723 2233 3783 148
2396 3718 2567 3781 Ven.

1718 3823 2027 3887 Macrob.
2049 3824 2136 3887 SI
2157 3831 2254 3904 12,
2270 3827 2343 3889 21

471 3930 611 3993 Mai
688 3936 766 3996 12
828 3928 1384 3993 ΜεῑΓῖίεΉΠοΓίε
1431 3931 1501 3993 in
1554 3930 1678 3995 Ca·
1936 3913 1956 3972 '-
2293 3967 2296 3968 ⁷
2439 3957 2442 3960 ·

919 4037 1160 4118 pitolio
1720 4038 1848 4105 Ov.
1902 4039 1945 4100 f.
1998 4038 2059 4101 V
2111 4045 2236 4104 545
2395 4037 2597 4104 Tusc.
2643 4040 2839 4111 Ven.

473 4144 632 4208 Jun.
732 4152 756 4211 1
829 4144 1071 4208 Martis
1107 4145 1195 4208 ad
1240 4150 1518 4226 portam
1555 4144 1678 4209 Ca·
2108 4215 2112 4218 ,

918 4245 1190 4335 ρθηωη
1721 4253 1849 4322 Ov.
1901 4254 1945 4318 f.
1999 4253 2095 4319 VI
2146 4259 2257 4322 191
2392 4254 2564 4334 Ven.
