3057 4850
1121 332 1684 406 -45—'

166 538 329 602 Jun.
434 540 457 601 1
529 536 1060 617 Tempestatum
1421 533 1551 599 Ov.
1601 533 1647 596 f.
1698 532 1795 596 VI
1849 538 1971 599 193
2098 532 2271 598 Ven.

165 646 328 709 Jun.
385 650 459 709 11
528 643 885 706 Fortunae
943 642 1015 705 in
1062 642 1214 704 foro
1263 643 1378 704 bo-

619 750 769 813 ario
1422 747 1551 814 Ov.
1591 748 1646 810 f.
1697 748 1793 811 VI
1844 753 1969 814 569
2099 747 2303 810 Tusc.
2350 747 2523 811 Ven.

165 859 328 922 Jun.
386 866 456 924 11
529 856 968 922 Concordiae
1000 857 1071 918 in
1101 855 1378 937 porticu

616 964 865 1027 Liviae
1423 962 1552 1029 Ov.
1603 963 1647 1045 f.
1702 962 1797 1026 VI
1849 968 1975 1029 633
2099 962 2304 1025 Tusc.
2348 961 2523 1024 Ven.

164 1074 327 1137 Jun.
383 1078 462 1139 27
527 1071 727 1134 Jovis
776 1070 1072 1134 Statoris
1137 1070 1209 1132 in
1257 1069 1380 1132 Pa-

618 1178 788 1240 latio
1422 1176 1551 1242 ov.
1602 1178 1648 1239 f.
1699 1177 1795 1239 VI
1848 1182 1971 1242 793
2098 1176 2273 1239 Ven.
2326 1175 2485 1257 ESq.

163 1288 328 1350 Jun.
382 1292 461 1352 27
528 1285 791 1348 Larum
842 1285 1292 1349 Publicorum
1423 1283 1551 1350 Ov.
1602 1284 1647 1346 f.
1698 1284 1795 1347 VI
1847 1290 1965 1349 791
2099 1283 2272 1347 Ven.
2324 1283 2486 1364 Esq.

163 1394 327 1464 Jun.
383 1399 467 1459 30
528 1392 854 1455 Herculis
902 1391 1260 1454 Musarum
1422 1390 1551 1456 Ov.
1602 1390 1646 1453 f.
1699 1391 1794 1453 VI
1849 1396 1969 1456 797
2098 1391 2272 1453 Ven.
2323 1389 2484 1470 Esq.

163 1501 305 1564 Jul.
427 1508 463 1566 6
528 1499 884 1562 Fortunae
932 1499 1291 1563 Muliebris
1420 1497 1623 1560 Dion.
1676 1498 1841 1560 VIII
1891 1504 1972 1563 55
2099 1497 2308 1561 Amit.
2359 1498 2519 1560 Ant.

162 1608 346 1689 Aug.
431 1614 458 1672 1
527 1607 771 1669 Martis
822 1606 1087 1669 Ultoris
1121 1605 1192 1667 in
1225 1606 1378 1668 foro
2099 1604 2519 1667 Vall.Amit.

616 1714 933 1793 Augusto
1420 1711 1623 1774 Dion.
1674 1711 1802 1773 LX
1855 1718 1891 1778 5
2098 1712 2258 1774 Ant.

349 1821 715 1885 Sacrificia
745 1820 787 1883 J
793 1820 1041 1883 unonis
1075 1819 1418 1901 Sospitae,
1469 1819 1507 1881 J
1515 1819 1669 1882 ovis
1703 1819 2027 1900 Victoris,
2081 1819 2521 1883 Concordiae

164 1930 239 1991 in
290 1928 489 1991 fastis
537 1944 677 1990 non
725 1927 1030 1991 inveniri
1095 1946 1236 1989 non
1285 1934 1389 1990 est
1439 1926 1626 2008 quod
1673 1926 2027 2007 miremur,
2105 1945 2263 1990 cum
2313 1925 2519 1989 Febr.

169 2044 196 2103 1
243 2036 542 2100 amissus
575 2036 682 2116 sit,
733 2036 1020 2098 mutilus
1053 2035 1221 2116 Apr.
1265 2040 1364 2114 13,
1402 2034 1617 2097 aedes
1668 2034 2105 2098 Concordiae
2140 2052 2201 2095 a.
2241 2033 2521 2095 demum

167 2151 200 2211 7
211 2151 294 2211 47
322 2145 362 2207 i.
379 2164 436 2207 e.
451 2149 610 2225 post
632 2143 1069 2225 conscriptos
1088 2143 1307 2206 fastos
1326 2141 1711 2205 Tusc.Ven.
1728 2141 2123 2204 aedificata.
2149 2140 2519 2221 Templum

160 2251 493 2316 Herculis
519 2251 878 2313 Musarum
905 2269 949 2312 a
974 2250 1048 2312 L.
1077 2250 1344 2313 Marcio
1373 2248 1717 2330 Philippo,
1754 2248 2202 2329 imperatoris
2247 2265 2515 2327 socerO,

162 2360 566 2423 restitutum
616 2362 721 2420 est
770 2358 925 2442 (Ov.
961 2358 1005 2419 f.
1042 2357 1138 2420 VI
1173 2363 1293 2423 801
1341 2358 1530 2420 Suet.
1568 2356 1745 2437 Aug.
1799 2360 1928 2438 29),
1979 2355 2241 2417 Larum
2290 2354 2517 2417 Publi-

164 2486 414 2532 corum
464 2469 554 2531 ab
588 2467 905 2548 Augusto
956 2471 1165 2549 (mon.
1201 2466 1375 2529 Anc.
1413 2465 1509 2528 IV
1564 2469 1646 2549 7),
1698 2465 1936 2527 Bonae
1971 2464 2168 2527 Deae
2219 2483 2262 2525 a
2309 2464 2518 2526 Livia

164 2574 324 2657 (Ov.
361 2574 406 2637 f.
443 2574 505 2636 V
544 2579 728 2655 148),
778 2574 939 2636 inde
990 2574 1223 2653 igitur,
1276 2571 1463 2653 quod
1513 2573 1661 2635 dies
1698 2571 2162 2635 dedicationis
2211 2571 2282 2634 in
2316 2572 2516 2634 fastis

164 2683 342 2745 Ven.
379 2685 450 2744 et
482 2680 641 2761 Esq.
679 2681 1189 2761 desiderantur,
1244 2687 1438 2745 recte
1488 2680 1802 2744 conicias
1837 2679 2050 2743 aedes
2098 2683 2256 2761 post
2290 2699 2351 2742 a.
2395 2685 2518 2745 726

166 2793 625 2853 consecratas
659 2807 830 2851 esse.
905 2787 1204 2869 Templa
1236 2787 1593 2850 Fortunae
1629 2788 1697 2850 in
1742 2788 1893 2851 foro
1940 2787 2204 2867 boariO,
2251 2787 2517 2867 Martis,

164 2896 367 2958 Jovis
401 2895 715 2975 Statoris,
768 2894 1318 2976 Tempestatum,
1378 2894 1746 2974 Juturnae,
1799 2912 2232 2975 quamquam
2281 2898 2519 2957 aetate

165 3001 467 3082 Augusti
533 3020 621 3063 ea
687 3019 840 3064 esse
921 3002 1193 3065 refecta
1254 3001 1523 3064 nullum
1606 3002 1949 3065 habemus
2018 3001 2514 3082 testimonium,

166 3115 406 3173 tamen
442 3109 628 3189 quod
676 3109 990 3172 natalem
1025 3109 1210 3172 diem
1244 3111 1334 3173 ab
1371 3110 1624 3175 Ovidio
1675 3117 2300 3173 commemoratum
2347 3111 2520 3173 anti-

170 3217 452 3298 quiores
501 3217 665 3279 fasti
715 3217 1059 3297 omittunt,
1126 3217 1195 3279 in
1247 3235 1489 3280 eorum
1537 3235 1797 3297 magno
1847 3236 2137 3280 numero
2189 3218 2522 3299 ponenda

169 3342 323 3388 esse
360 3342 634 3404 censeO,
671 3343 854 3405 quae
888 3324 1245 3404 Augustus
1278 3329 1485 3407 (mon.
1522 3324 1698 3388 Anc.
1729 3325 1824 3387 IV
1856 3330 1960 3407 17)
1994 3325 2519 3404 redintegrasse

167 3451 245 3495 se
311 3432 689 3512 gloriatur3
764 3432 950 3512 quod
1007 3432 1063 3494 si
1120 3437 1314 3495 recte
1373 3432 1676 3512 conieci,
1743 3432 2039 3496 elencho
2104 3437 2517 3513 comparato

164 3538 445 3602 videbis
509 3542 842 3619 quattuor
898 3539 1127 3619 prima
1187 3545 1590 3602 restaurata
1639 3558 1792 3603 esse
1841 3546 1999 3620 post
2049 3559 2109 3601 a.
2168 3545 2313 3620 726,
2364 3540 2520 3603 ulti-

163 3664 373 3709 mum·
393 3651 551 3727 post
585 3665 646 3707 a.
687 3651 841 3724 7523
892 3644 1248 3709 Fortunae
1287 3647 1649 3710 Muliebris
1700 3646 1933 3726 aedeS,
1986 3647 2183 3709 cuius
2234 3665 2516 3711 sacrum

161 3752 333 3817 fasti
396 3752 602 3814 Amit.
670 3756 739 3814 et
804 3752 964 3814 Ant.
1040 3758 1516 3835 praetereunt,
1583 3772 1751 3817 num
1823 3755 2011 3817 ultra
2080 3754 2349 3817 liberae
2416 3756 2518 3817 rei

159 3861 502 3944 publicae
552 3865 873 3941 tempora
935 3861 1023 3923 sit
1072 3867 1396 3943 servata,
1464 3881 1592 3944 pro
1643 3868 1837 3926 certo
1888 3862 2027 3926 dici
2075 3881 2215 3924 non
2264 3866 2516 3944 potest.

159 3971 273 4033 De
342 3968 620 4048 templis
667 3968 964 4031 Veneris
1012 3956 1518 4050 Verticordiae,
1570 3970 1815 4033 Martis
1864 3969 2127 4033 Ultoris
2194 3970 2265 4032 in
2316 3969 2518 4052 Capi-

158 4077 336 4141 tolio
389 4082 459 4140 et
507 4078 575 4140 in
624 4079 775 4141 foro
819 4079 1135 4159 Augusto
1186 4079 1273 4142 cf.
1309 4063 1817 4142 Mommsenum
1867 4078 1938 4142 C.
1976 4080 2025 4141 I.
2063 4079 2138 4142 L.
2191 4079 2222 4140 I
2268 4097 2336 4160 p.
2390 4085 2518 4145 390

156 4185 275 4251 ad.
329 4185 500 4267 Apr.
557 4192 585 4250 1
632 4193 702 4250 et
748 4204 814 4269 p.
868 4192 994 4254 392
1046 4186 1327 4257 ad.Mai
1382 4193 1482 4253 12.

252 4295 483 4361 Silent
501 4300 571 4360 et
591 4295 1073 4378 hemerologia
1099 4300 1168 4361 et
1192 4313 1429 4362 rorum
1454 4296 1834 4378 scriptores
1862 4296 1947 4360 de
1978 4295 2268 4361 aedibus
2295 4295 2517 4361 hisce:

2095 4427 2124 4474 4
