3057 4850
1414 367 1501 377 .-
1596 333 1678 397 38
1771 368 1859 379 -..

637 522 860 608 feriae
907 524 1210 588 Portuno
1259 524 1563 589 Portuno
1613 527 1706 590 ad
1741 534 2019 611 pontem
2053 526 2418 591 Aemilium
2510 526 2556 589 f.
2598 526 2816 590 Amit.

636 630 859 716 feriae
906 630 1208 695 Portuno
2551 633 2596 697 f.
2647 632 2816 697 Ant.

677 759 1085 831 Volturnus

463 868 643 960 Aug.
695 884 775 946 27
891 882 1754 985 VOLT(URNALIA)

658 1005 984 1069 Volturno
1027 1006 1298 1091 flumini
1343 1008 1754 1094 sacrificium
2527 1009 2573 1072 f.
2624 1009 2817 1074 Vall.

660 1111 978 1176 Voltoruo
2271 1116 2315 1179 f.
2368 1115 2561 1181 Pinc.
2610 1116 2820 1198 Pigh.

636 1220 859 1306 feriae
923 1219 1241 1286 Voltoruo
1597 1296 1600 1299 .
2544 1224 2588 1287 f.
2640 1223 2820 1287 Arv.

676 1349 880 1420 Mars

463 1469 631 1533 Juni
670 1476 698 1536 1
758 1470 972 1535 aedes
1005 1476 1213 1536 extra
1245 1476 1524 1554 portam
1547 1472 1908 1555 Capenam
1945 1473 2276 1537 dedicata
2323 1472 2636 1540 Ov.f.V1
2665 1478 2820 1539 191.

462 1575 649 1658 Sept.
702 1583 785 1644 23
882 1578 1116 1660 Marti,
1171 1580 1485 1663 Neptuno
1534 1581 1607 1642 in
1655 1601 1892 1663 campo
2545 1580 2590 1643 f.
2640 1579 2820 1643 Arv.

461 1683 604 1747 Mai
657 1690 736 1751 12
831 1685 977 1749 ludi
1029 1687 1300 1767 Μαντώ
1350 1688 1422 1749 iu
1472 1687 1706 1769 eirc(o)
2367 1722 2370 1723 ν
2411 1706 2418 1713 ·
2525 1687 2570 1749 f.
2623 1686 2820 1750 Maff.

459 1790 601 1854 Mai
658 1794 734 1857 14
830 1792 1045 1856 Marti
1094 1793 1407 1874 Iuviotm)
2540 1793 2585 1855 f.
2634 1793 2819 1858 Ven.

646 1897 916 1979 Quibus
952 1899 1113 1963 addi
1153 1903 1429 1981 oportet
1464 1918 1706 1963 omnes
1741 1904 1810 1963 et
1842 1900 1997 1963 idus
2045 1880 2114 1963 et
2147 1899 2513 1981 Kalendas
2566 1900 2623 1963 si
2673 1919 2826 1982 qua

461 2024 671 2069 sacra
724 2025 886 2070 cum
927 2007 1009 2070 iis
1044 2008 1423 2072 coniuncta
1455 2012 1636 2088 sunt⁷
1672 2026 1834 2071 cum
1868 2008 2138 2070 alterae
2166 2007 2219 2070 'J
2225 2007 2360 2088 ovi,
2398 2008 2668 2071 alterae
2698 2007 2823 2071 Ju-

462 2113 628 2175 noni
671 2115 1055 2196 antiquitus
1103 2133 1353 2179 sacrae
1389 2120 1625 2179 essent
1672 2114 1771 2197 (C.
1808 2116 1858 2179 I.
1895 2114 1970 2177 L.
2008 2115 2392 2178 Mommsen
2443 2116 2475 2179 Ι
2524 2134 2591 2197 p.
2629 2118 2819 2203 375).

462 2221 630 2302 Apr.
689 2227 767 2288 13
819 2222 1030 2286 aedes
1079 2223 1278 2286 Jovis
1325 2223 1631 2287 Victoris
1684 2221 2014 2287 dedicata
2241 2221 2369 2288 Ov.
2420 2222 2464 2285 f.
2515 2223 2614 2285 IV
2663 2229 2818 2290 621.

466 2327 631 2390 Juni
692 2335 769 2395 13
865 2329 1077 2393 aedes
1125 2330 1324 2393 Jovis
1372 2330 1630 2395 Invicti
1680 2329 2011 2393 dedicata
2243 2328 2371 2395 ov.
2423 2330 2467 2392 f.
2518 2329 2615 2392 VI
2664 2336 2820 2397 649.

600 2459 601 2462 ¹
643 2438 802 2500 Jovz'
2514 2438 2558 2500 f.
2604 2436 2818 2503 Tusc.

612 2545 856 2629 feriae
907 2545 1064 2607 <Iovi
2538 2545 2583 2607 f.
2634 2544 2816 2609 Ven.

462 2648 666 2713 Febr.
725 2657 752 2715 1
855 2650 1067 2714 aedes
1114 2651 1410 2713 Junonis
1458 2652 1779 2733 Sospitae
1828 2651 1898 2714 in
1950 2651 2222 2714 Palatio
2274 2650 2605 2714 dedicata

2307 2756 2435 2823 Ov.
2487 2758 2532 2820 f.
2584 2758 2652 2819 Π
2701 2764 2809 2825 55.

461 2864 664 2927 Mart.
721 2871 748 2929 1
850 2865 1183 2952 Jun[o]m‘
1231 2865 1527 2928 Lucinae
1572 2865 1921 2948 Esquiliis,
1983 2866 2158 2947 quod
2207 2887 2277 2928 eo
2328 2866 2435 2928 die
2498 2865 2685 2929 aedis
2749 2867 2812 2929 ei

642 2970 1030 3059 [dedicasta
1079 2978 1174 3034 est
1787 2971 1831 3033 f.
1881 2971 2132 3033 Praen.
2231 2971 2359 3037 Ov.
2410 2971 2455 3034 f.
2505 2971 2608 3035 III
2657 2978 2809 3037 245.

462 3077 621 3141 Jun.
679 3084 704 3143 1
808 3078 1066 3140 Ju‘nom'
1119 3079 1482 3160 Monetam)
1916 3077 1961 3140 f.
2011 3077 2185 3141 Ven.
2238 3076 2366 3144 Ov.
2417 3078 2461 3140 f.
2512 3078 2609 3140 VI
2661 3084 2810 3144 183.

461 3184 648 3266 Sept.
706 3190 734 3250 1
835 3185 1092 3247 Junom'
1143 3185 1438 3269 Reyiuae
1488 3185 1561 3247 in
1601 3185 1931 3248 Aventino
2541 3185 2585 3246 f.
2636 3183 2809 3247 Arv.

639 3308 748 3372 Ad
798 3309 1281 3389 quaestionem
1331 3308 1560 3390 ipsam
1619 3314 1995 3389 antequam
2050 3307 2508 3386 accedamus,
2564 3308 2610 3369 ii
2659 3307 2812 3372 dies

461 3416 872 3481 removendi
906 3424 1085 3496 sunt,
1137 3417 1388 3497 quibus
1428 3417 1527 3478 nil
1578 3420 1682 3480 est
1717 3416 2129 3479 adnotatum
2164 3416 2294 3479 nisi
2330 3416 2543 3478 ferias
2593 3405 2832 3477 alicui'

460 3524 726 3587 numini
775 3524 1056 3587 habitas
1104 3542 1291 3604 esse3
1358 3542 1535 3604 quas
1598 3524 1784 3586 sola-s
1849 3523 2091 3604 templi
2150 3522 2334 3585 diem
2391 3520 2810 3585 natalicium

460 3649 600 3694 non
663 3631 1064 3712 significare
1132 3631 1273 3694 iam
1336 3635 1530 3695 recte
1590 3630 1937 3694 intellexit
1984 3630 2370 3692 Mommsen
2420 3627 2492 3692 O.
2545 3629 2595 3690 I.
2646 3627 2722 3689 L.
2775 3627 2810 3690 Ι

459 3757 524 3820 p.
563 3743 688 3804 375
739 3759 779 3800 a
813 3738 1110 3819 simplici
1143 3746 1365 3800 autem,
1412 3739 1734 3823 sacrificii
1783 3738 1902 3800 deo
1938 3738 2147 3799 alicui
2194 3744 2369 3798 stato
2406 3736 2512 3798 die
2537 3734 2810 3817 publice

460 3847 785 3930 offerendi
841 3846 1251 3908 indicatione
1294 3846 1635 3930 feriarum
1686 3846 2040 3908 adnotatio
2087 3845 2182 3906 ita
2235 3844 2492 3927 differt,
2556 3850 2629 3904 ut
2678 3841 2804 3903 illa

461 3953 595 4016 diei
643 3954 748 4016 ius
797 3974 931 4015 non
979 3953 1274 4036 attinqat
1306 3960 1724 4035 maneatque,
1775 3953 1834 4013 κε’
1887 3953 1982 4014 ita
2027 3952 2166 4036 fuit
2215 3957 2369 4012 ante
2419 3948 2805 4027 comitiali-5,

457 4060 617 4123 haec
665 4080 819 4123 vero
870 4060 1044 4122 diem
1094 4060 1349 4123 emimat
1397 4081 1480 4122 ew
1527 4081 1803 4123 numero
1842 4062 2328 4145 profestorum.
2402 4056 2607 4119 Hanc
2655 4074 2808 4118 sen—

458 4167 751 4230 tentiam
823 4166 995 4229 illud
1076 4185 1354 4248 quoque
1435 4171 1929 4247 argumentum
2009 4168 2427 4230 confirmare
2500 4163 2804 4243 Videtur,

458 4273 646 4357 quod
694 4284 762 4337 et
811 4274 1033 4340 feriae
1082 4279 1152 4339 et
1199 4293 1481 4340 sacrum
1540 4274 1735 4338 aedis
1794 4274 2168 4338 dedicatae
2217 4270 2804 4352 anniversarium,

324 4555 367 4556 W
414 4563 497 4628 Ἃ

2885 156 2979 353 ΗΝ.
