<?xml version="1.0" encoding="UTF-8"?>
<!DOCTYPE html PUBLIC "-//W3C//DTD XHTML 1.0 Transitional//EN"
    "http://www.w3.org/TR/xhtml1/DTD/xhtml1-transitional.dtd">
<html xmlns="http://www.w3.org/1999/xhtml" xml:lang="en" lang="en">
 <head>
  <title>
</title>
<meta http-equiv="Content-Type" content="text/html;charset=utf-8" />
  <meta name='ocr-system' content='tesseract 3.04.00' />
  <meta name='ocr-capabilities' content='ocr_page ocr_carea ocr_par ocr_line ocrx_word'/>
</head>
<body>
  <div class='ocr_page' id='page_1' title='image "./deaedibussacris00austgoog_0029.png"; bbox 0 0 3057 4850; ppageno 0'>
   <div class='ocr_carea' id='block_1_1' title="bbox 82 64 175 143">
    <p class='ocr_par' dir='ltr' id='par_1_1' title="bbox 82 64 175 143">
     <span class='ocr_line' id='line_1_1' title="bbox 82 64 175 143; baseline 0 -18"><span class='ocrx_word' id='word_1_1' title='bbox 82 64 175 143; x_wconf 58' lang='grc' dir='ltr'>ΕΡ</span> 
     </span>
    </p>
   </div>
   <div class='ocr_carea' id='block_1_2' title="bbox 1153 332 1595 395">
    <p class='ocr_par' dir='ltr' id='par_1_2' title="bbox 1153 332 1595 395">
     <span class='ocr_line' id='line_1_2' title="bbox 1153 332 1595 395; baseline 0.009 -21"><span class='ocrx_word' id='word_1_2' title='bbox 1153 332 1595 395; x_wconf 70' lang='grc'><strong>-21-.</strong></span> 
     </span>
    </p>
   </div>
   <div class='ocr_carea' id='block_1_3' title="bbox 196 517 2546 616">
    <p class='ocr_par' dir='ltr' id='par_1_3' title="bbox 196 517 2546 616">
     <span class='ocr_line' id='line_1_3' title="bbox 196 517 2546 616; baseline 0.008 -36"><span class='ocrx_word' id='word_1_3' title='bbox 196 519 501 582; x_wconf 82' lang='grc'><strong>707--47</strong></span> <span class='ocrx_word' id='word_1_4' title='bbox 529 518 577 600; x_wconf 81' lang='grc'>5)</span> <span class='ocrx_word' id='word_1_5' title='bbox 627 517 1111 598; x_wconf 81' lang='lat' dir='ltr'>prodigiorum</span> <span class='ocrx_word' id='word_1_6' title='bbox 1169 540 1389 588; x_wconf 91' lang='lat' dir='ltr'>causa</span> <span class='ocrx_word' id='word_1_7' title='bbox 1448 525 2073 594; x_wconf 89' lang='lat' dir='ltr'>maiores.hostiae</span> <span class='ocrx_word' id='word_1_8' title='bbox 2121 531 2546 616; x_wconf 83' lang='lat' dir='ltr'>immolatae,</span> 
     </span>
    </p>
   </div>
   <div class='ocr_carea' id='block_1_4' title="bbox 168 621 2548 721">
    <p class='ocr_par' dir='ltr' id='par_1_4' title="bbox 168 621 2548 721">
     <span class='ocr_line' id='line_1_4' title="bbox 168 621 2548 721; baseline 0.009 -38"><span class='ocrx_word' id='word_1_9' title='bbox 168 621 618 703; x_wconf 78' lang='lat' dir='ltr'>supplicatio</span> <span class='ocrx_word' id='word_1_10' title='bbox 678 624 892 706; x_wconf 89' lang='lat' dir='ltr'>facta,</span> <span class='ocrx_word' id='word_1_11' title='bbox 960 627 1261 708; x_wconf 92' lang='lat' dir='ltr'>populus</span> <span class='ocrx_word' id='word_1_12' title='bbox 1311 636 1723 715; x_wconf 88' lang='lat' dir='ltr'>coronatus,</span> <span class='ocrx_word' id='word_1_13' title='bbox 1791 639 1867 699; x_wconf 88' lang='lat' dir='ltr'>ut</span> <span class='ocrx_word' id='word_1_14' title='bbox 1931 636 2127 702; x_wconf 88' lang='lat' dir='ltr'>libris</span> <span class='ocrx_word' id='word_1_15' title='bbox 2189 639 2548 721; x_wconf 85' lang='lat' dir='ltr'>Sibyllinis</span> 
     </span>
    </p>
   </div>
   <div class='ocr_carea' id='block_1_5' title="bbox 189 728 2553 1799">
    <p class='ocr_par' dir='ltr' id='par_1_5' title="bbox 189 728 1456 822">
     <span class='ocr_line' id='line_1_5' title="bbox 189 728 1456 822; baseline 0.009 -32"><span class='ocrx_word' id='word_1_16' title='bbox 189 728 529 810; x_wconf 88' lang='lat' dir='ltr'>inspectis</span> <span class='ocrx_word' id='word_1_17' title='bbox 580 729 968 796; x_wconf 85' lang='lat' dir='ltr'>decemviri</span> <span class='ocrx_word' id='word_1_18' title='bbox 1014 734 1382 801; x_wconf 89' lang='lat' dir='ltr'>iusserant.</span> <span class='ocrx_word' id='word_1_19' title='bbox 1408 740 1456 822; x_wconf 79' lang='grc'>6)</span> 
     </span>
    </p>

    <p class='ocr_par' dir='ltr' id='par_1_6' title="bbox 190 836 2550 1363">
     <span class='ocr_line' id='line_1_6' title="bbox 374 836 2550 938; baseline 0.007 -35"><span class='ocrx_word' id='word_1_20' title='bbox 374 838 493 903; x_wconf 88' lang='grc'>50.</span> <span class='ocrx_word' id='word_1_21' title='bbox 589 836 821 901; x_wconf 90' lang='lat' dir='ltr'>Aedes</span> <span class='ocrx_word' id='word_1_22' title='bbox 868 840 1163 905; x_wconf 87' lang='lat' dir='ltr'>Junonis</span> <span class='ocrx_word' id='word_1_23' title='bbox 1211 843 1534 925; x_wconf 81' lang='lat' dir='ltr'>Sospitae</span> <span class='ocrx_word' id='word_1_24' title='bbox 1582 846 1653 909; x_wconf 91' lang='lat' dir='ltr'>in</span> <span class='ocrx_word' id='word_1_25' title='bbox 1701 849 1852 912; x_wconf 88' lang='lat' dir='ltr'>foro</span> <span class='ocrx_word' id='word_1_26' title='bbox 1911 851 2185 916; x_wconf 89' lang='lat' dir='ltr'>olitorio</span> <span class='ocrx_word' id='word_1_27' title='bbox 2211 857 2256 938; x_wconf 89' lang='lat'>1)</span> <span class='ocrx_word' id='word_1_28' title='bbox 2306 873 2550 937; x_wconf 90' lang='lat' dir='ltr'>pugna</span> 
     </span>
     <span class='ocr_line' id='line_1_7' title="bbox 190 942 2545 1041; baseline 0.008 -35"><span class='ocrx_word' id='word_1_29' title='bbox 190 946 450 1006; x_wconf 86' lang='lat' dir='ltr'>contra</span> <span class='ocrx_word' id='word_1_30' title='bbox 515 942 847 1009; x_wconf 83' lang='lat' dir='ltr'>Insubres</span> <span class='ocrx_word' id='word_1_31' title='bbox 918 950 1291 1014; x_wconf 91' lang='lat' dir='ltr'>commissa</span> <span class='ocrx_word' id='word_1_32' title='bbox 1362 971 1405 1014; x_wconf 92' lang='lat' dir='ltr'>a</span> <span class='ocrx_word' id='word_1_33' title='bbox 1484 951 1556 1017; x_wconf 93' lang='lat' dir='ltr'>C.</span> <span class='ocrx_word' id='word_1_34' title='bbox 1624 953 1948 1019; x_wconf 91' lang='lat' dir='ltr'>Cornelio</span> <span class='ocrx_word' id='word_1_35' title='bbox 2021 956 2333 1041; x_wconf 81' lang='lat' dir='ltr'>Cethego</span> <span class='ocrx_word' id='word_1_36' title='bbox 2406 981 2545 1027; x_wconf 93' lang='lat' dir='ltr'>cos.</span> 
     </span>
     <span class='ocr_line' id='line_1_8' title="bbox 192 1050 2546 1142; baseline 0.009 -31"><span class='ocrx_word' id='word_1_37' title='bbox 192 1053 370 1112; x_wconf 89' lang='lat' dir='ltr'>vota</span> <span class='ocrx_word' id='word_1_38' title='bbox 417 1051 489 1113; x_wconf 90' lang='lat' dir='ltr'>et</span> <span class='ocrx_word' id='word_1_39' title='bbox 535 1050 776 1115; x_wconf 89' lang='lat' dir='ltr'>locata</span> <span class='ocrx_word' id='word_1_40' title='bbox 824 1071 885 1117; x_wconf 93' lang='lat' dir='ltr'>a.</span> <span class='ocrx_word' id='word_1_41' title='bbox 939 1060 1286 1124; x_wconf 76' lang='lat'>557--197</span> <span class='ocrx_word' id='word_1_42' title='bbox 1314 1062 1361 1142; x_wconf 87' lang='grc'>2)</span> <span class='ocrx_word' id='word_1_43' title='bbox 1412 1060 1501 1123; x_wconf 95' lang='lat' dir='ltr'>ab</span> <span class='ocrx_word' id='word_1_44' title='bbox 1553 1061 1800 1124; x_wconf 91' lang='lat' dir='ltr'>eodem</span> <span class='ocrx_word' id='word_1_45' title='bbox 1850 1081 2141 1129; x_wconf 82' lang='lat' dir='ltr'>censore</span> <span class='ocrx_word' id='word_1_46' title='bbox 2175 1067 2431 1132; x_wconf 87' lang='lat' dir='ltr'>dedic.</span> <span class='ocrx_word' id='word_1_47' title='bbox 2467 1088 2546 1133; x_wconf 85' lang='lat' dir='ltr'>a.</span> 
     </span>
     <span class='ocr_line' id='line_1_9' title="bbox 195 1158 2546 1254; baseline 0.008 -32"><span class='ocrx_word' id='word_1_48' title='bbox 195 1162 551 1254; x_wconf 19' lang='lat'>56⁸0=194</span> <span class='ocrx_word' id='word_1_49' title='bbox 575 1159 624 1240; x_wconf 81' lang='lat'>3)</span> <span class='ocrx_word' id='word_1_50' title='bbox 658 1158 956 1224; x_wconf 86' lang='lat' dir='ltr'>fortasse</span> <span class='ocrx_word' id='word_1_51' title='bbox 1006 1180 1095 1226; x_wconf 84' lang='lat' dir='ltr'>ex</span> <span class='ocrx_word' id='word_1_52' title='bbox 1130 1162 1486 1230; x_wconf 79' lang='lat' dir='ltr'>Caeciliae</span> <span class='ocrx_word' id='word_1_53' title='bbox 1535 1168 1801 1232; x_wconf 90' lang='lat' dir='ltr'>somnio</span> <span class='ocrx_word' id='word_1_54' title='bbox 1837 1172 2109 1237; x_wconf 85' lang='lat' dir='ltr'>refecta</span> <span class='ocrx_word' id='word_1_55' title='bbox 2157 1192 2201 1237; x_wconf 93' lang='lat' dir='ltr'>a</span> <span class='ocrx_word' id='word_1_56' title='bbox 2241 1174 2317 1238; x_wconf 88' lang='lat' dir='ltr'>L.</span> <span class='ocrx_word' id='word_1_57' title='bbox 2359 1173 2402 1239; x_wconf 87' lang='lat' dir='ltr'>J</span> <span class='ocrx_word' id='word_1_58' title='bbox 2406 1176 2546 1240; x_wconf 92' lang='lat' dir='ltr'>ulio</span> 
     </span>
     <span class='ocr_line' id='line_1_10' title="bbox 193 1263 1263 1363; baseline 0.006 -35"><span class='ocrx_word' id='word_1_59' title='bbox 193 1263 503 1329; x_wconf 86' lang='lat' dir='ltr'>Caesare</span> <span class='ocrx_word' id='word_1_60' title='bbox 554 1282 693 1328; x_wconf 69' lang='lat' dir='ltr'>cos</span> <span class='ocrx_word' id='word_1_61' title='bbox 743 1285 805 1329; x_wconf 92' lang='lat' dir='ltr'>a.</span> <span class='ocrx_word' id='word_1_62' title='bbox 858 1274 1182 1363; x_wconf 65' lang='lat' dir='ltr'>6651z90.</span> <span class='ocrx_word' id='word_1_63' title='bbox 1213 1275 1263 1356; x_wconf 79' lang='lat'>4)</span> 
     </span>
    </p>

    <p class='ocr_par' dir='ltr' id='par_1_7' title="bbox 195 1370 2548 1581">
     <span class='ocr_line' id='line_1_11' title="bbox 376 1370 2546 1473; baseline 0.008 -36"><span class='ocrx_word' id='word_1_64' title='bbox 376 1375 482 1437; x_wconf 90' lang='lat'>51.</span> <span class='ocrx_word' id='word_1_65' title='bbox 577 1370 924 1437; x_wconf 91' lang='lat' dir='ltr'>Aedicula</span> <span class='ocrx_word' id='word_1_66' title='bbox 988 1376 1343 1444; x_wconf 84' lang='lat' dir='ltr'>Victoriae</span> <span class='ocrx_word' id='word_1_67' title='bbox 1411 1381 1721 1463; x_wconf 82' lang='lat' dir='ltr'>Virginis</span> <span class='ocrx_word' id='word_1_68' title='bbox 1787 1385 1857 1447; x_wconf 92' lang='lat' dir='ltr'>in</span> <span class='ocrx_word' id='word_1_69' title='bbox 1930 1386 2204 1451; x_wconf 89' lang='lat' dir='ltr'>Palatio</span> <span class='ocrx_word' id='word_1_70' title='bbox 2227 1392 2274 1473; x_wconf 90' lang='lat'>1)</span> <span class='ocrx_word' id='word_1_71' title='bbox 2346 1408 2390 1452; x_wconf 92' lang='lat' dir='ltr'>a</span> <span class='ocrx_word' id='word_1_72' title='bbox 2457 1390 2546 1454; x_wconf 90' lang='lat' dir='ltr'>M.</span> 
     </span>
     <span class='ocr_line' id='line_1_12' title="bbox 195 1475 2548 1581; baseline 0.009 -41"><span class='ocrx_word' id='word_1_73' title='bbox 195 1477 451 1541; x_wconf 90' lang='lat' dir='ltr'>Porcio</span> <span class='ocrx_word' id='word_1_74' title='bbox 480 1475 749 1567; x_wconf 88' lang='lat' dir='ltr'>Catone</span> <span class='ocrx_word' id='word_1_75' title='bbox 784 1497 923 1544; x_wconf 91' lang='lat' dir='ltr'>cos.</span> <span class='ocrx_word' id='word_1_76' title='bbox 958 1488 1130 1547; x_wconf 85' lang='lat' dir='ltr'>vota</span> <span class='ocrx_word' id='word_1_77' title='bbox 1165 1504 1225 1548; x_wconf 87' lang='lat' dir='ltr'>a.</span> <span class='ocrx_word' id='word_1_78' title='bbox 1264 1492 1609 1557; x_wconf 80' lang='lat'>559=195</span> <span class='ocrx_word' id='word_1_79' title='bbox 1644 1494 1714 1553; x_wconf 89' lang='lat' dir='ltr'>et</span> <span class='ocrx_word' id='word_1_80' title='bbox 1748 1492 1972 1558; x_wconf 89' lang='lat' dir='ltr'>dedic.</span> <span class='ocrx_word' id='word_1_81' title='bbox 2009 1513 2071 1557; x_wconf 91' lang='lat' dir='ltr'>a.</span> <span class='ocrx_word' id='word_1_82' title='bbox 2110 1496 2474 1564; x_wconf 84' lang='lat'>561=193.</span> <span class='ocrx_word' id='word_1_83' title='bbox 2500 1503 2548 1581; x_wconf 73' lang='grc'>2)</span> 
     </span>
    </p>

    <p class='ocr_par' dir='ltr' id='par_1_8' title="bbox 195 1584 2553 1799">
     <span class='ocr_line' id='line_1_13' title="bbox 377 1584 2553 1682; baseline 0.008 -30"><span class='ocrx_word' id='word_1_84' title='bbox 377 1588 497 1652; x_wconf 86' lang='lat'>52.</span> <span class='ocrx_word' id='word_1_85' title='bbox 596 1584 827 1649; x_wconf 86' lang='lat' dir='ltr'>Aedes</span> <span class='ocrx_word' id='word_1_86' title='bbox 877 1588 1211 1655; x_wconf 83' lang='lat' dir='ltr'>Vediovis</span> <span class='ocrx_word' id='word_1_87' title='bbox 1282 1594 1352 1656; x_wconf 92' lang='lat' dir='ltr'>in</span> <span class='ocrx_word' id='word_1_88' title='bbox 1434 1615 1601 1660; x_wconf 87' lang='lat' dir='ltr'>arce</span> <span class='ocrx_word' id='word_1_89' title='bbox 1628 1601 1672 1682; x_wconf 89' lang='grc'>1)</span> <span class='ocrx_word' id='word_1_90' title='bbox 1746 1617 1789 1661; x_wconf 90' lang='lat' dir='ltr'>a</span> <span class='ocrx_word' id='word_1_91' title='bbox 1855 1598 1937 1682; x_wconf 81' lang='lat' dir='ltr'>Q.</span> <span class='ocrx_word' id='word_1_92' title='bbox 2006 1602 2271 1669; x_wconf 89' lang='lat' dir='ltr'>Marcio</span> <span class='ocrx_word' id='word_1_93' title='bbox 2345 1604 2553 1669; x_wconf 88' lang='lat' dir='ltr'>Ralla</span> 
     </span>
     <span class='ocr_line' id='line_1_14' title="bbox 195 1691 2552 1799; baseline 0.007 -39"><span class='ocrx_word' id='word_1_94' title='bbox 195 1691 570 1760; x_wconf 86' lang='lat' dir='ltr'>duumviro</span> <span class='ocrx_word' id='word_1_95' title='bbox 606 1691 831 1757; x_wconf 90' lang='lat' dir='ltr'>dedic.</span> <span class='ocrx_word' id='word_1_96' title='bbox 868 1714 929 1758; x_wconf 86' lang='lat' dir='ltr'>a.</span> <span class='ocrx_word' id='word_1_97' title='bbox 968 1702 1311 1766; x_wconf 83' lang='lat'>562=192</span> <span class='ocrx_word' id='word_1_98' title='bbox 1335 1705 1383 1786; x_wconf 84' lang='lat'>2)</span> <span class='ocrx_word' id='word_1_99' title='bbox 1419 1722 1480 1766; x_wconf 91' lang='lat' dir='ltr'>a.</span> <span class='ocrx_word' id='word_1_100' title='bbox 1517 1704 1582 1789; x_wconf 77' lang='lat' dir='ltr'>d.</span> <span class='ocrx_word' id='word_1_101' title='bbox 1603 1705 1739 1768; x_wconf 91' lang='lat' dir='ltr'>XII</span> <span class='ocrx_word' id='word_1_102' title='bbox 1773 1707 1914 1773; x_wconf 92' lang='lat' dir='ltr'>kal.</span> <span class='ocrx_word' id='word_1_103' title='bbox 1942 1709 2352 1776; x_wconf 86' lang='lat' dir='ltr'>Jun.=Mai.</span> <span class='ocrx_word' id='word_1_104' title='bbox 2390 1718 2552 1799; x_wconf 83' lang='grc'><strong>21.3)</strong></span> 
     </span>
    </p>
   </div>
   <div class='ocr_carea' id='block_1_6' title="bbox 242 1872 541 1883">
    <p class='ocr_par' dir='ltr' id='par_1_9' title="bbox 242 1872 541 1883">
     <span class='ocr_line' id='line_1_15' title="bbox 242 1872 541 1883; baseline 0 2967"><span class='ocrx_word' id='word_1_105' title='bbox 242 1872 541 1883; x_wconf 95' lang='lat' dir='ltr'> </span> 
     </span>
    </p>
   </div>
   <div class='ocr_carea' id='block_1_7' title="bbox 186 1942 2558 2716">
    <p class='ocr_par' dir='ltr' id='par_1_10' title="bbox 186 1942 2558 2716">
     <span class='ocr_line' id='line_1_16' title="bbox 186 1942 2553 2015; baseline 0 -17"><span class='ocrx_word' id='word_1_106' title='bbox 186 1946 379 2000; x_wconf 69' lang='lat' dir='ltr'>verat</span> <span class='ocrx_word' id='word_1_107' title='bbox 415 1947 578 2003; x_wconf 76' lang='lat' dir='ltr'>idem</span> <span class='ocrx_word' id='word_1_108' title='bbox 619 1964 831 2004; x_wconf 76' lang='lat' dir='ltr'>censor</span> <span class='ocrx_word' id='word_1_109' title='bbox 866 1942 1359 2015; x_wconf 77' lang='lat' dir='ltr'>(Sempronius);</span> <span class='ocrx_word' id='word_1_110' title='bbox 1398 1957 1534 1994; x_wconf 88' lang='lat' dir='ltr'>cum</span> <span class='ocrx_word' id='word_1_111' title='bbox 1558 1942 1715 1993; x_wconf 90' lang='lat' dir='ltr'>enim</span> <span class='ocrx_word' id='word_1_112' title='bbox 1744 1956 1955 1995; x_wconf 85' lang='lat' dir='ltr'>censor</span> <span class='ocrx_word' id='word_1_113' title='bbox 1995 1947 2152 1996; x_wconf 89' lang='lat' dir='ltr'>esset</span> <span class='ocrx_word' id='word_1_114' title='bbox 2178 1959 2229 1996; x_wconf 89' lang='lat' dir='ltr'>a.</span> <span class='ocrx_word' id='word_1_115' title='bbox 2260 1947 2553 1999; x_wconf 82' lang='lat'>545=209</span> 
     </span>
     <span class='ocr_line' id='line_1_17' title="bbox 197 2028 2555 2105; baseline 0 -16"><span class='ocrx_word' id='word_1_116' title='bbox 197 2035 355 2101; x_wconf 87' lang='lat' dir='ltr'>(Liv.</span> <span class='ocrx_word' id='word_1_117' title='bbox 395 2037 622 2092; x_wconf 91' lang='lat' dir='ltr'>XXVII</span> <span class='ocrx_word' id='word_1_118' title='bbox 667 2042 748 2105; x_wconf 90' lang='lat'>11,</span> <span class='ocrx_word' id='word_1_119' title='bbox 791 2040 862 2104; x_wconf 82' lang='lat'>7),</span> <span class='ocrx_word' id='word_1_120' title='bbox 902 2034 1108 2088; x_wconf 88' lang='lat' dir='ltr'>consul</span> <span class='ocrx_word' id='word_1_121' title='bbox 1152 2048 1204 2085; x_wconf 93' lang='lat' dir='ltr'>a.</span> <span class='ocrx_word' id='word_1_122' title='bbox 1246 2033 1540 2082; x_wconf 84' lang='lat' dir='ltr'>55o=204</span> <span class='ocrx_word' id='word_1_123' title='bbox 1580 2029 1730 2094; x_wconf 87' lang='lat' dir='ltr'>(Li-v.</span> <span class='ocrx_word' id='word_1_124' title='bbox 1769 2028 2095 2099; x_wconf 52' lang='lat' dir='ltr'>XXIX113‚</span> <span class='ocrx_word' id='word_1_125' title='bbox 2139 2035 2207 2099; x_wconf 89' lang='lat'>1),</span> <span class='ocrx_word' id='word_1_126' title='bbox 2255 2036 2555 2102; x_wconf 86' lang='lat' dir='ltr'>quomodo</span> 
     </span>
     <span class='ocr_line' id='line_1_18' title="bbox 195 2118 2553 2196; baseline 0 -18"><span class='ocrx_word' id='word_1_127' title='bbox 195 2125 431 2194; x_wconf 89' lang='lat' dir='ltr'>aedem,</span> <span class='ocrx_word' id='word_1_128' title='bbox 471 2132 799 2196; x_wconf 84' lang='lat' dir='ltr'>antequam</span> <span class='ocrx_word' id='word_1_129' title='bbox 840 2127 1107 2189; x_wconf 86' lang='lat' dir='ltr'>voveret,</span> <span class='ocrx_word' id='word_1_130' title='bbox 1148 2122 1347 2174; x_wconf 88' lang='lat' dir='ltr'>locare</span> <span class='ocrx_word' id='word_1_131' title='bbox 1385 2118 1624 2188; x_wconf 79' lang='lat' dir='ltr'>potuit?</span> <span class='ocrx_word' id='word_1_132' title='bbox 1698 2118 1741 2184; x_wconf 85' lang='lat'>⁴)</span> <span class='ocrx_word' id='word_1_133' title='bbox 1780 2119 1916 2172; x_wconf 87' lang='lat' dir='ltr'>fast.</span> <span class='ocrx_word' id='word_1_134' title='bbox 1934 2120 2079 2173; x_wconf 86' lang='lat' dir='ltr'>Ven.</span> <span class='ocrx_word' id='word_1_135' title='bbox 2119 2122 2254 2190; x_wconf 86' lang='lat' dir='ltr'>Esq.</span> <span class='ocrx_word' id='word_1_136' title='bbox 2304 2124 2381 2176; x_wconf 87' lang='lat' dir='ltr'>ad</span> <span class='ocrx_word' id='word_1_137' title='bbox 2418 2124 2553 2178; x_wconf 89' lang='lat' dir='ltr'>Mai.</span> 
     </span>
     <span class='ocr_line' id='line_1_19' title="bbox 195 2207 2555 2285; baseline 0 -20"><span class='ocrx_word' id='word_1_138' title='bbox 195 2217 265 2265; x_wconf 86' lang='lat'>25</span> <span class='ocrx_word' id='word_1_139' title='bbox 310 2213 371 2268; x_wconf 93' lang='lat' dir='ltr'>C.</span> <span class='ocrx_word' id='word_1_140' title='bbox 412 2215 456 2268; x_wconf 91' lang='lat' dir='ltr'>I.</span> <span class='ocrx_word' id='word_1_141' title='bbox 494 2214 560 2269; x_wconf 91' lang='lat' dir='ltr'>L.</span> <span class='ocrx_word' id='word_1_142' title='bbox 602 2216 629 2268; x_wconf 94' lang='lat' dir='ltr'>I</span> <span class='ocrx_word' id='word_1_143' title='bbox 668 2233 723 2285; x_wconf 91' lang='lat' dir='ltr'>p.</span> <span class='ocrx_word' id='word_1_144' title='bbox 767 2219 870 2266; x_wconf 86' lang='lat'>394</span> <span class='ocrx_word' id='word_1_145' title='bbox 919 2214 1054 2266; x_wconf 85' lang='lat' dir='ltr'>fast.</span> <span class='ocrx_word' id='word_1_146' title='bbox 1095 2210 1326 2265; x_wconf 87' lang='lat' dir='ltr'>Caeret.</span> <span class='ocrx_word' id='word_1_147' title='bbox 1367 2207 1519 2277; x_wconf 89' lang='lat' dir='ltr'>Eph.</span> <span class='ocrx_word' id='word_1_148' title='bbox 1574 2225 1663 2278; x_wconf 89' lang='lat' dir='ltr'>ep.</span> <span class='ocrx_word' id='word_1_149' title='bbox 1714 2209 1801 2261; x_wconf 96' lang='lat' dir='ltr'>III</span> <span class='ocrx_word' id='word_1_150' title='bbox 1841 2225 1895 2278; x_wconf 92' lang='lat' dir='ltr'>p.</span> <span class='ocrx_word' id='word_1_151' title='bbox 1939 2212 1984 2261; x_wconf 82' lang='lat'>7.</span> <span class='ocrx_word' id='word_1_152' title='bbox 2027 2214 2056 2261; x_wconf 93' lang='grc'>9</span> <span class='ocrx_word' id='word_1_153' title='bbox 2111 2210 2216 2264; x_wconf 88' lang='lat' dir='ltr'>Ov.</span> <span class='ocrx_word' id='word_1_154' title='bbox 2256 2214 2293 2264; x_wconf 84' lang='lat' dir='ltr'>f.</span> <span class='ocrx_word' id='word_1_155' title='bbox 2333 2212 2382 2265; x_wconf 88' lang='lat' dir='ltr'>V</span> <span class='ocrx_word' id='word_1_156' title='bbox 2424 2216 2555 2281; x_wconf 80' lang='lat'><strong>⁷293</strong></span> 
     </span>
     <span class='ocr_line' id='line_1_20' title="bbox 196 2298 2553 2368; baseline -0 -11"><span class='ocrx_word' id='word_1_157' title='bbox 196 2319 441 2357; x_wconf 85' lang='lat' dir='ltr'>sacrum</span> <span class='ocrx_word' id='word_1_158' title='bbox 480 2304 628 2358; x_wconf 87' lang='lat' dir='ltr'>Nov.</span> <span class='ocrx_word' id='word_1_159' title='bbox 672 2308 736 2355; x_wconf 90' lang='lat'>14</span> <span class='ocrx_word' id='word_1_160' title='bbox 757 2304 1061 2358; x_wconf 85' lang='lat' dir='ltr'>Fortunae</span> <span class='ocrx_word' id='word_1_161' title='bbox 1082 2300 1487 2368; x_wconf 86' lang='lat' dir='ltr'>Primigeniae</span> <span class='ocrx_word' id='word_1_162' title='bbox 1524 2299 1753 2350; x_wconf 87' lang='lat' dir='ltr'>factum</span> <span class='ocrx_word' id='word_1_163' title='bbox 1793 2298 2064 2361; x_wconf 85' lang='lat' dir='ltr'>(Henzen</span> <span class='ocrx_word' id='word_1_164' title='bbox 2086 2299 2311 2368; x_wconf 91' lang='lat' dir='ltr'>CCXL)</span> <span class='ocrx_word' id='word_1_165' title='bbox 2351 2305 2553 2357; x_wconf 88' lang='lat' dir='ltr'>neseio</span> 
     </span>
     <span class='ocr_line' id='line_1_21' title="bbox 197 2387 2553 2454; baseline 0 -8"><span class='ocrx_word' id='word_1_166' title='bbox 197 2409 280 2447; x_wconf 88' lang='lat' dir='ltr'>an</span> <span class='ocrx_word' id='word_1_167' title='bbox 322 2393 399 2446; x_wconf 88' lang='lat' dir='ltr'>ad</span> <span class='ocrx_word' id='word_1_168' title='bbox 437 2394 673 2447; x_wconf 86' lang='lat' dir='ltr'>tertiam</span> <span class='ocrx_word' id='word_1_169' title='bbox 731 2393 879 2447; x_wconf 85' lang='lat' dir='ltr'>deae</span> <span class='ocrx_word' id='word_1_170' title='bbox 920 2390 1129 2445; x_wconf 87' lang='lat' dir='ltr'>aedem</span> <span class='ocrx_word' id='word_1_171' title='bbox 1181 2390 1243 2442; x_wconf 91' lang='lat' dir='ltr'>in</span> <span class='ocrx_word' id='word_1_172' title='bbox 1292 2388 1443 2442; x_wconf 89' lang='lat' dir='ltr'>colle</span> <span class='ocrx_word' id='word_1_173' title='bbox 1497 2387 1665 2453; x_wconf 85' lang='lat' dir='ltr'>(Vitr.</span> <span class='ocrx_word' id='word_1_174' title='bbox 1706 2387 1793 2441; x_wconf 95' lang='lat' dir='ltr'>III</span> <span class='ocrx_word' id='word_1_175' title='bbox 1834 2391 1883 2441; x_wconf 84' lang='lat'>2.</span> <span class='ocrx_word' id='word_1_176' title='bbox 1925 2391 1976 2454; x_wconf 83' lang='lat'>2)</span> <span class='ocrx_word' id='word_1_177' title='bbox 2025 2391 2408 2445; x_wconf 89' lang='lat' dir='ltr'>referendum</span> <span class='ocrx_word' id='word_1_178' title='bbox 2462 2394 2553 2447; x_wconf 85' lang='lat' dir='ltr'>sit.</span> 
     </span>
     <span class='ocr_line' id='line_1_22' title="bbox 198 2471 2558 2552; baseline -0.002 -15"><span class='ocrx_word' id='word_1_179' title='bbox 198 2482 241 2548; x_wconf 80' lang='grc'>5)</span> <span class='ocrx_word' id='word_1_180' title='bbox 283 2482 401 2536; x_wconf 84' lang='lat' dir='ltr'>Dio</span> <span class='ocrx_word' id='word_1_181' title='bbox 440 2481 609 2536; x_wconf 90' lang='lat' dir='ltr'>XLII</span> <span class='ocrx_word' id='word_1_182' title='bbox 649 2486 733 2538; x_wconf 85' lang='lat'>26.</span> <span class='ocrx_word' id='word_1_183' title='bbox 775 2487 804 2534; x_wconf 89' lang='grc'><strong>3</strong></span> <span class='ocrx_word' id='word_1_184' title='bbox 859 2485 1118 2552; x_wconf 73' lang='grc' dir='ltr'><strong><em>κεραυνοί</em></strong></span> <span class='ocrx_word' id='word_1_185' title='bbox 1159 2498 1215 2532; x_wconf 85' lang='grc' dir='ltr'>τε</span> <span class='ocrx_word' id='word_1_186' title='bbox 1262 2480 1316 2537; x_wconf 74' lang='grc' dir='ltr'>ἐς</span> <span class='ocrx_word' id='word_1_187' title='bbox 1362 2471 1728 2542; x_wconf 54' lang='grc' dir='ltr'><em>Καπιτώλιονζ</em></span> <span class='ocrx_word' id='word_1_188' title='bbox 1763 2482 1854 2529; x_wconf 81' lang='grc' dir='ltr'>καὶ</span> <span class='ocrx_word' id='word_1_189' title='bbox 1893 2480 1946 2537; x_wconf 71' lang='grc' dir='ltr'>ἐς</span> <span class='ocrx_word' id='word_1_190' title='bbox 1981 2473 2077 2531; x_wconf 80' lang='grc' dir='ltr'>τὸν</span> <span class='ocrx_word' id='word_1_191' title='bbox 2113 2480 2203 2545; x_wconf 79' lang='grc' dir='ltr'>τῆς</span> <span class='ocrx_word' id='word_1_192' title='bbox 2260 2474 2431 2551; x_wconf 72' lang='grc' dir='ltr'><strong><em>Τύχης</em></strong></span> <span class='ocrx_word' id='word_1_193' title='bbox 2466 2484 2558 2548; x_wconf 79' lang='grc' dir='ltr'>τῆς</span> 
     </span>
     <span class='ocr_line' id='line_1_23' title="bbox 195 2564 2554 2644; baseline 0.001 -21"><span class='ocrx_word' id='word_1_194' title='bbox 195 2573 475 2644; x_wconf 77' lang='grc' dir='ltr'><strong><em>δημοσίας</em></strong></span> <span class='ocrx_word' id='word_1_195' title='bbox 524 2575 860 2641; x_wconf 70' lang='grc' dir='ltr'><em>καλουμένης</em></span> <span class='ocrx_word' id='word_1_196' title='bbox 908 2564 1049 2622; x_wconf 82' lang='grc' dir='ltr'><strong><em>ναὸν</em></strong></span> <span class='ocrx_word' id='word_1_197' title='bbox 1078 2612 1088 2622; x_wconf 90' lang='grc'><strong>.</strong></span> <span class='ocrx_word' id='word_1_198' title='bbox 1120 2610 1130 2621; x_wconf 94' lang='grc'><strong>.</strong></span> <span class='ocrx_word' id='word_1_199' title='bbox 1161 2610 1172 2621; x_wconf 91' lang='grc'><strong>.</strong></span> <span class='ocrx_word' id='word_1_200' title='bbox 1201 2572 1581 2632; x_wconf 74' lang='grc' dir='ltr'><strong><em>κατέσκηψαν;</em></strong></span> <span class='ocrx_word' id='word_1_201' title='bbox 1633 2584 1998 2636; x_wconf 82' lang='lat' dir='ltr'>qua-mquam</span> <span class='ocrx_word' id='word_1_202' title='bbox 2041 2570 2302 2623; x_wconf 84' lang='lat' dir='ltr'>dubitari</span> <span class='ocrx_word' id='word_1_203' title='bbox 2342 2575 2554 2640; x_wconf 69' lang='lat' dir='ltr'>potest,</span> 
     </span>
     <span class='ocr_line' id='line_1_24' title="bbox 194 2656 2554 2716; baseline 0 -2"><span class='ocrx_word' id='word_1_204' title='bbox 194 2666 406 2715; x_wconf 90' lang='lat' dir='ltr'>utrum</span> <span class='ocrx_word' id='word_1_205' title='bbox 445 2660 598 2716; x_wconf 86' lang='lat' dir='ltr'>haee</span> <span class='ocrx_word' id='word_1_206' title='bbox 647 2661 827 2714; x_wconf 89' lang='lat' dir='ltr'>aedes</span> <span class='ocrx_word' id='word_1_207' title='bbox 868 2677 946 2713; x_wconf 88' lang='lat' dir='ltr'>an</span> <span class='ocrx_word' id='word_1_208' title='bbox 985 2660 1289 2713; x_wconf 84' lang='lat' dir='ltr'>Fortunae</span> <span class='ocrx_word' id='word_1_209' title='bbox 1327 2658 1617 2711; x_wconf 79' lang='lat' dir='ltr'>Publicae</span> <span class='ocrx_word' id='word_1_210' title='bbox 1658 2656 1963 2711; x_wconf 86' lang='lat' dir='ltr'>Citerioris</span> <span class='ocrx_word' id='word_1_211' title='bbox 2011 2660 2075 2712; x_wconf 91' lang='lat' dir='ltr'>in</span> <span class='ocrx_word' id='word_1_212' title='bbox 2114 2660 2265 2713; x_wconf 84' lang='lat' dir='ltr'>colle</span> <span class='ocrx_word' id='word_1_213' title='bbox 2303 2661 2554 2715; x_wconf 86' lang='lat' dir='ltr'>fulmine</span> 
     </span>
    </p>
   </div>
   <div class='ocr_carea' id='block_1_8' title="bbox 194 2749 1267 2816">
    <p class='ocr_par' dir='ltr' id='par_1_11' title="bbox 194 2749 1267 2816">
     <span class='ocr_line' id='line_1_25' title="bbox 194 2749 1267 2816; baseline -0.004 -13"><span class='ocrx_word' id='word_1_214' title='bbox 194 2752 322 2803; x_wconf 88' lang='lat' dir='ltr'>ieta</span> <span class='ocrx_word' id='word_1_215' title='bbox 360 2752 451 2803; x_wconf 89' lang='lat' dir='ltr'>sit.</span> <span class='ocrx_word' id='word_1_216' title='bbox 518 2749 559 2815; x_wconf 56' lang='grc' dir='ltr'>Β)</span> <span class='ocrx_word' id='word_1_217' title='bbox 597 2749 727 2803; x_wconf 88' lang='lat' dir='ltr'>Liv.</span> <span class='ocrx_word' id='word_1_218' title='bbox 765 2749 964 2802; x_wconf 91' lang='lat' dir='ltr'>XLIII</span> <span class='ocrx_word' id='word_1_219' title='bbox 1009 2753 1089 2816; x_wconf 82' lang='lat'>13,</span> <span class='ocrx_word' id='word_1_220' title='bbox 1131 2752 1178 2800; x_wconf 82' lang='lat'>7.</span> <span class='ocrx_word' id='word_1_221' title='bbox 1217 2752 1267 2799; x_wconf 83' lang='lat'>8.</span> 
     </span>
    </p>
   </div>
   <div class='ocr_carea' id='block_1_9' title="bbox 189 2855 2554 3997">
    <p class='ocr_par' dir='ltr' id='par_1_12' title="bbox 189 2855 2554 3997">
     <span class='ocr_line' id='line_1_26' title="bbox 347 2855 2554 2923; baseline 0.002 -16"><span class='ocrx_word' id='word_1_222' title='bbox 347 2859 431 2908; x_wconf 85' lang='lat'>50.</span> <span class='ocrx_word' id='word_1_223' title='bbox 476 2857 511 2921; x_wconf 89' lang='lat'>¹)</span> <span class='ocrx_word' id='word_1_224' title='bbox 552 2857 786 2910; x_wconf 86' lang='lat' dir='ltr'>Becker</span> <span class='ocrx_word' id='word_1_225' title='bbox 825 2860 927 2907; x_wconf 84' lang='lat'>602</span> <span class='ocrx_word' id='word_1_226' title='bbox 980 2856 1207 2909; x_wconf 86' lang='lat' dir='ltr'>Preller</span> <span class='ocrx_word' id='word_1_227' title='bbox 1248 2855 1273 2907; x_wconf 96' lang='lat' dir='ltr'>I</span> <span class='ocrx_word' id='word_1_228' title='bbox 1314 2857 1415 2905; x_wconf 84' lang='grc'>276</span> <span class='ocrx_word' id='word_1_229' title='bbox 1468 2855 1818 2923; x_wconf 87' lang='lat' dir='ltr'>Marquardt</span> <span class='ocrx_word' id='word_1_230' title='bbox 1868 2859 1987 2907; x_wconf 81' lang='grc'><strong>570.</strong></span> <span class='ocrx_word' id='word_1_231' title='bbox 2065 2856 2105 2921; x_wconf 75' lang='lat'>²)</span> <span class='ocrx_word' id='word_1_232' title='bbox 2144 2857 2273 2911; x_wconf 80' lang='lat' dir='ltr'>Liv.</span> <span class='ocrx_word' id='word_1_233' title='bbox 2321 2856 2554 2911; x_wconf 92' lang='lat' dir='ltr'>XXXII</span> 
     </span>
     <span class='ocr_line' id='line_1_27' title="bbox 196 2942 2554 3016; baseline -0 -18"><span class='ocrx_word' id='word_1_234' title='bbox 196 2949 284 3015; x_wconf 87' lang='lat'>30,</span> <span class='ocrx_word' id='word_1_235' title='bbox 328 2948 395 2998; x_wconf 95' lang='grc'>10</span> <span class='ocrx_word' id='word_1_236' title='bbox 421 2947 630 2999; x_wconf 77' lang='lat' dir='ltr'>consul</span> <span class='ocrx_word' id='word_1_237' title='bbox 672 2987 683 2998; x_wconf 85' lang='lat'>.</span> <span class='ocrx_word' id='word_1_238' title='bbox 726 2987 737 2998; x_wconf 94' lang='lat'>.</span> <span class='ocrx_word' id='word_1_239' title='bbox 781 2987 791 2998; x_wconf 91' lang='lat'>.</span> <span class='ocrx_word' id='word_1_240' title='bbox 833 2944 999 2998; x_wconf 65' lang='lat' dir='ltr'>vovit</span> <span class='ocrx_word' id='word_1_241' title='bbox 1038 2946 1248 2998; x_wconf 79' lang='lat' dir='ltr'>aedem</span> <span class='ocrx_word' id='word_1_242' title='bbox 1290 2942 1571 3011; x_wconf 70' lang='lat' dir='ltr'>Sospitae</span> <span class='ocrx_word' id='word_1_243' title='bbox 1611 2942 1865 3016; x_wconf 58' lang='lat' dir='ltr'>szom‘„</span> <span class='ocrx_word' id='word_1_244' title='bbox 1945 2944 1984 3009; x_wconf 72' lang='grc'>3)</span> <span class='ocrx_word' id='word_1_245' title='bbox 2024 2945 2153 2998; x_wconf 88' lang='lat' dir='ltr'>Liv.</span> <span class='ocrx_word' id='word_1_246' title='bbox 2193 2945 2446 2999; x_wconf 91' lang='lat' dir='ltr'>XXXIV</span> <span class='ocrx_word' id='word_1_247' title='bbox 2470 2950 2554 3016; x_wconf 85' lang='lat'>53,</span> 
     </span>
     <span class='ocr_line' id='line_1_28' title="bbox 196 3020 2552 3105; baseline 0.001 -18"><span class='ocrx_word' id='word_1_248' title='bbox 196 3039 228 3087; x_wconf 89' lang='lat'><strong>3</strong></span> <span class='ocrx_word' id='word_1_249' title='bbox 268 3051 400 3088; x_wconf 81' lang='lat' dir='ltr'>una</span> <span class='ocrx_word' id='word_1_250' title='bbox 441 3034 668 3103; x_wconf 83' lang='lat' dir='ltr'>(aedes)</span> <span class='ocrx_word' id='word_1_251' title='bbox 710 3033 949 3089; x_wconf 80' lang='lat' dir='ltr'>meni</span> <span class='ocrx_word' id='word_1_252' title='bbox 984 3020 1268 3086; x_wconf 41' lang='lat' dir='ltr'>‘illatutae</span> <span class='ocrx_word' id='word_1_253' title='bbox 1322 3031 1631 3100; x_wconf 74' lang='lat' dir='ltr'>(dedicata</span> <span class='ocrx_word' id='word_1_254' title='bbox 1672 3033 1819 3100; x_wconf 74' lang='lat' dir='ltr'>est),·</span> <span class='ocrx_word' id='word_1_255' title='bbox 1868 3040 2070 3087; x_wconf 87' lang='lat' dir='ltr'>utrum</span> <span class='ocrx_word' id='word_1_256' title='bbox 2120 3051 2257 3088; x_wconf 89' lang='lat' dir='ltr'>cum</span> <span class='ocrx_word' id='word_1_257' title='bbox 2293 3035 2552 3105; x_wconf 84' lang='lat' dir='ltr'>Ligonio</span> 
     </span>
     <span class='ocr_line' id='line_1_29' title="bbox 200 3121 2554 3192; baseline 0 -14"><span class='ocrx_word' id='word_1_258' title='bbox 200 3124 590 3178; x_wconf 86' lang='lat' dir='ltr'>scribendum</span> <span class='ocrx_word' id='word_1_259' title='bbox 631 3125 707 3178; x_wconf 87' lang='lat' dir='ltr'>sit</span> <span class='ocrx_word' id='word_1_260' title='bbox 737 3123 1016 3192; x_wconf 75' lang='lat' dir='ltr'>Sospitae</span> <span class='ocrx_word' id='word_1_261' title='bbox 1057 3139 1135 3175; x_wconf 90' lang='lat' dir='ltr'>an</span> <span class='ocrx_word' id='word_1_262' title='bbox 1166 3123 1440 3174; x_wconf 73' lang='lat' dir='ltr'>Matutae</span> <span class='ocrx_word' id='word_1_263' title='bbox 1481 3121 1863 3190; x_wconf 85' lang='lat' dir='ltr'>servandum,</span> <span class='ocrx_word' id='word_1_264' title='bbox 1903 3121 2072 3177; x_wconf 92' lang='lat' dir='ltr'>haud</span> <span class='ocrx_word' id='word_1_265' title='bbox 2098 3125 2274 3178; x_wconf 87' lang='lat' dir='ltr'>facile</span> <span class='ocrx_word' id='word_1_266' title='bbox 2314 3126 2554 3180; x_wconf 88' lang='lat' dir='ltr'>decerni</span> 
     </span>
     <span class='ocr_line' id='line_1_30' title="bbox 194 3211 2553 3285; baseline 0 -18"><span class='ocrx_word' id='word_1_267' title='bbox 194 3217 425 3284; x_wconf 83' lang='lat' dir='ltr'>potest3</span> <span class='ocrx_word' id='word_1_268' title='bbox 455 3228 797 3284; x_wconf 87' lang='lat' dir='ltr'>cognomen</span> <span class='ocrx_word' id='word_1_269' title='bbox 825 3214 1118 3279; x_wconf 76' lang='lat' dir='ltr'>Matutae,</span> <span class='ocrx_word' id='word_1_270' title='bbox 1153 3216 1472 3280; x_wconf 86' lang='lat' dir='ltr'>propterea</span> <span class='ocrx_word' id='word_1_271' title='bbox 1501 3212 1555 3263; x_wconf 91' lang='lat' dir='ltr'>ei</span> <span class='ocrx_word' id='word_1_272' title='bbox 1583 3211 1837 3264; x_wconf 88' lang='lat' dir='ltr'>inditum</span> <span class='ocrx_word' id='word_1_273' title='bbox 1868 3228 1998 3266; x_wconf 84' lang='lat' dir='ltr'>esse</span> <span class='ocrx_word' id='word_1_274' title='bbox 2027 3216 2364 3283; x_wconf 78' lang='lat' dir='ltr'>suspiceriS‚</span> <span class='ocrx_word' id='word_1_275' title='bbox 2393 3216 2553 3285; x_wconf 90' lang='lat' dir='ltr'>quod</span> 
     </span>
     <span class='ocr_line' id='line_1_31' title="bbox 192 3300 2551 3372; baseline 0.001 -16"><span class='ocrx_word' id='word_1_276' title='bbox 192 3302 363 3356; x_wconf 85' lang='lat' dir='ltr'>Juno</span> <span class='ocrx_word' id='word_1_277' title='bbox 404 3301 642 3372; x_wconf 86' lang='lat' dir='ltr'>Sospita</span> <span class='ocrx_word' id='word_1_278' title='bbox 682 3304 908 3352; x_wconf 80' lang='lat' dir='ltr'>MATER</span> <span class='ocrx_word' id='word_1_279' title='bbox 946 3302 1184 3371; x_wconf 84' lang='lat' dir='ltr'>Regina</span> <span class='ocrx_word' id='word_1_280' title='bbox 1223 3300 1472 3365; x_wconf 88' lang='lat' dir='ltr'>(Preller</span> <span class='ocrx_word' id='word_1_281' title='bbox 1500 3301 1536 3352; x_wconf 96' lang='lat' dir='ltr'>l.</span> <span class='ocrx_word' id='word_1_282' title='bbox 1565 3316 1612 3353; x_wconf 90' lang='lat' dir='ltr'>c.</span> <span class='ocrx_word' id='word_1_283' title='bbox 1660 3316 1712 3352; x_wconf 90' lang='lat' dir='ltr'>a.</span> <span class='ocrx_word' id='word_1_284' title='bbox 1754 3302 1805 3365; x_wconf 90' lang='grc'>5)</span> <span class='ocrx_word' id='word_1_285' title='bbox 1846 3303 2083 3372; x_wconf 89' lang='lat' dir='ltr'>integro</span> <span class='ocrx_word' id='word_1_286' title='bbox 2123 3305 2364 3357; x_wconf 89' lang='lat' dir='ltr'>nomine</span> <span class='ocrx_word' id='word_1_287' title='bbox 2402 3321 2551 3358; x_wconf 89' lang='lat' dir='ltr'>nun-</span> 
     </span>
     <span class='ocr_line' id='line_1_32' title="bbox 191 3389 2551 3463; baseline 0 -17"><span class='ocrx_word' id='word_1_288' title='bbox 191 3396 476 3461; x_wconf 86' lang='lat' dir='ltr'>cupatur,</span> <span class='ocrx_word' id='word_1_289' title='bbox 531 3392 636 3445; x_wconf 89' lang='lat' dir='ltr'>sed</span> <span class='ocrx_word' id='word_1_290' title='bbox 683 3396 888 3444; x_wconf 89' lang='lat' dir='ltr'>nostra</span> <span class='ocrx_word' id='word_1_291' title='bbox 934 3392 1193 3444; x_wconf 84' lang='lat' dir='ltr'>maxime</span> <span class='ocrx_word' id='word_1_292' title='bbox 1232 3391 1415 3444; x_wconf 87' lang='lat' dir='ltr'>refert</span> <span class='ocrx_word' id='word_1_293' title='bbox 1455 3406 1491 3442; x_wconf 90' lang='lat' dir='ltr'>a</span> <span class='ocrx_word' id='word_1_294' title='bbox 1526 3389 1718 3458; x_wconf 86' lang='lat' dir='ltr'>Livio,</span> <span class='ocrx_word' id='word_1_295' title='bbox 1756 3391 1819 3442; x_wconf 87' lang='lat' dir='ltr'>id</span> <span class='ocrx_word' id='word_1_296' title='bbox 1857 3392 2017 3458; x_wconf 88' lang='lat' dir='ltr'>quod</span> <span class='ocrx_word' id='word_1_297' title='bbox 2056 3407 2230 3445; x_wconf 88' lang='lat' dir='ltr'>nemo</span> <span class='ocrx_word' id='word_1_298' title='bbox 2283 3395 2551 3463; x_wconf 83' lang='lat' dir='ltr'>negabit,</span> 
     </span>
     <span class='ocr_line' id='line_1_33' title="bbox 192 3479 2551 3549; baseline -0 -14"><span class='ocrx_word' id='word_1_299' title='bbox 192 3482 457 3535; x_wconf 89' lang='lat' dir='ltr'>eandem</span> <span class='ocrx_word' id='word_1_300' title='bbox 496 3481 707 3535; x_wconf 91' lang='lat' dir='ltr'>aedem</span> <span class='ocrx_word' id='word_1_301' title='bbox 746 3481 861 3535; x_wconf 87' lang='lat' dir='ltr'>illis</span> <span class='ocrx_word' id='word_1_302' title='bbox 901 3482 1046 3534; x_wconf 89' lang='lat' dir='ltr'>locis</span> <span class='ocrx_word' id='word_1_303' title='bbox 1088 3481 1432 3549; x_wconf 89' lang='lat' dir='ltr'>significari.</span> <span class='ocrx_word' id='word_1_304' title='bbox 1508 3479 1552 3544; x_wconf 70' lang='grc'>4)</span> <span class='ocrx_word' id='word_1_305' title='bbox 1593 3479 1711 3533; x_wconf 90' lang='lat' dir='ltr'>Cic.</span> <span class='ocrx_word' id='word_1_306' title='bbox 1753 3480 1826 3533; x_wconf 91' lang='lat' dir='ltr'>de</span> <span class='ocrx_word' id='word_1_307' title='bbox 1867 3480 1984 3532; x_wconf 86' lang='lat' dir='ltr'>div.</span> <span class='ocrx_word' id='word_1_308' title='bbox 2012 3480 2037 3532; x_wconf 95' lang='lat' dir='ltr'>I</span> <span class='ocrx_word' id='word_1_309' title='bbox 2067 3484 2115 3533; x_wconf 91' lang='lat'>4.</span> <span class='ocrx_word' id='word_1_310' title='bbox 2146 3485 2230 3533; x_wconf 86' lang='lat'>99.</span> <span class='ocrx_word' id='word_1_311' title='bbox 2268 3481 2551 3536; x_wconf 85' lang='lat' dir='ltr'>Jul.Obs.</span> 
     </span>
     <span class='ocr_line' id='line_1_34' title="bbox 197 3567 2551 3640; baseline 0.001 -18"><span class='ocrx_word' id='word_1_312' title='bbox 197 3573 330 3623; x_wconf 84' lang='lat'>115:</span> <span class='ocrx_word' id='word_1_313' title='bbox 370 3569 600 3624; x_wconf 86' lang='lat' dir='ltr'>Junoni</span> <span class='ocrx_word' id='word_1_314' title='bbox 642 3569 932 3640; x_wconf 90' lang='lat' dir='ltr'>Sospitae,</span> <span class='ocrx_word' id='word_1_315' title='bbox 973 3586 1110 3623; x_wconf 88' lang='lat' dir='ltr'>cum</span> <span class='ocrx_word' id='word_1_316' title='bbox 1150 3571 1225 3623; x_wconf 91' lang='lat' dir='ltr'>ab</span> <span class='ocrx_word' id='word_1_317' title='bbox 1266 3569 1477 3623; x_wconf 86' lang='lat' dir='ltr'>Ovidio</span> <span class='ocrx_word' id='word_1_318' title='bbox 1516 3570 1556 3621; x_wconf 87' lang='lat' dir='ltr'>f.</span> <span class='ocrx_word' id='word_1_319' title='bbox 1598 3569 1655 3621; x_wconf 91' lang='lat' dir='ltr'>II</span> <span class='ocrx_word' id='word_1_320' title='bbox 1696 3572 1761 3619; x_wconf 85' lang='grc'>55</span> <span class='ocrx_word' id='word_1_321' title='bbox 1789 3567 2099 3639; x_wconf 84' lang='lat' dir='ltr'>Phrygiae</span> <span class='ocrx_word' id='word_1_322' title='bbox 2138 3573 2330 3639; x_wconf 87' lang='lat' dir='ltr'>matri,</span> <span class='ocrx_word' id='word_1_323' title='bbox 2371 3588 2551 3639; x_wconf 86' lang='lat' dir='ltr'>quam</span> 
     </span>
     <span class='ocr_line' id='line_1_35' title="bbox 193 3657 2553 3730; baseline 0 -16"><span class='ocrx_word' id='word_1_324' title='bbox 193 3660 403 3714; x_wconf 88' lang='lat' dir='ltr'>sedem</span> <span class='ocrx_word' id='word_1_325' title='bbox 443 3657 731 3714; x_wconf 88' lang='lat' dir='ltr'>habuisse</span> <span class='ocrx_word' id='word_1_326' title='bbox 788 3664 1022 3713; x_wconf 84' lang='lat' dir='ltr'>constat</span> <span class='ocrx_word' id='word_1_327' title='bbox 1078 3661 1140 3711; x_wconf 90' lang='lat' dir='ltr'>in</span> <span class='ocrx_word' id='word_1_328' title='bbox 1168 3659 1399 3711; x_wconf 86' lang='lat' dir='ltr'>Palatio</span> <span class='ocrx_word' id='word_1_329' title='bbox 1441 3659 1535 3722; x_wconf 84' lang='lat' dir='ltr'>(ef.</span> <span class='ocrx_word' id='word_1_330' title='bbox 1592 3659 1721 3712; x_wconf 88' lang='lat' dir='ltr'>aed.</span> <span class='ocrx_word' id='word_1_331' title='bbox 1764 3662 1878 3727; x_wconf 86' lang='lat'>53),</span> <span class='ocrx_word' id='word_1_332' title='bbox 1932 3662 2304 3713; x_wconf 87' lang='lat' dir='ltr'>contermina</span> <span class='ocrx_word' id='word_1_333' title='bbox 2354 3661 2553 3730; x_wconf 88' lang='lat' dir='ltr'>appel·</span> 
     </span>
     <span class='ocr_line' id='line_1_36' title="bbox 192 3749 2553 3819; baseline 0 -16"><span class='ocrx_word' id='word_1_334' title='bbox 192 3750 355 3803; x_wconf 88' lang='lat' dir='ltr'>letur</span> <span class='ocrx_word' id='word_1_335' title='bbox 393 3750 672 3818; x_wconf 90' lang='lat' dir='ltr'>interque</span> <span class='ocrx_word' id='word_1_336' title='bbox 720 3749 1020 3801; x_wconf 87' lang='lat' dir='ltr'>Palatium</span> <span class='ocrx_word' id='word_1_337' title='bbox 1061 3753 1119 3801; x_wconf 90' lang='lat' dir='ltr'>et</span> <span class='ocrx_word' id='word_1_338' title='bbox 1158 3750 1352 3801; x_wconf 83' lang='lat' dir='ltr'>forum</span> <span class='ocrx_word' id='word_1_339' title='bbox 1392 3749 1694 3801; x_wconf 90' lang='lat' dir='ltr'>olitorium</span> <span class='ocrx_word' id='word_1_340' title='bbox 1733 3765 2024 3818; x_wconf 86' lang='lat' dir='ltr'>magnum</span> <span class='ocrx_word' id='word_1_341' title='bbox 2076 3752 2336 3819; x_wconf 87' lang='lat' dir='ltr'>spatium</span> <span class='ocrx_word' id='word_1_342' title='bbox 2375 3752 2553 3805; x_wconf 90' lang='lat' dir='ltr'>inter·</span> 
     </span>
     <span class='ocr_line' id='line_1_37' title="bbox 189 3839 2551 3908; baseline 0 -16"><span class='ocrx_word' id='word_1_343' title='bbox 189 3842 421 3893; x_wconf 89' lang='lat' dir='ltr'>iectum</span> <span class='ocrx_word' id='word_1_344' title='bbox 469 3840 561 3906; x_wconf 87' lang='lat' dir='ltr'>sit,</span> <span class='ocrx_word' id='word_1_345' title='bbox 614 3839 768 3891; x_wconf 87' lang='lat' dir='ltr'>duas</span> <span class='ocrx_word' id='word_1_346' title='bbox 824 3839 1010 3892; x_wconf 86' lang='lat' dir='ltr'>fuisse</span> <span class='ocrx_word' id='word_1_347' title='bbox 1062 3839 1241 3891; x_wconf 88' lang='lat' dir='ltr'>aedes</span> <span class='ocrx_word' id='word_1_348' title='bbox 1291 3844 1629 3891; x_wconf 84' lang='lat' dir='ltr'>statuamus</span> <span class='ocrx_word' id='word_1_349' title='bbox 1683 3844 1940 3908; x_wconf 71' lang='lat' dir='ltr'>oportet,</span> <span class='ocrx_word' id='word_1_350' title='bbox 1994 3845 2191 3893; x_wconf 89' lang='lat' dir='ltr'>utram</span> <span class='ocrx_word' id='word_1_351' title='bbox 2239 3846 2441 3894; x_wconf 89' lang='lat' dir='ltr'>tamen</span> <span class='ocrx_word' id='word_1_352' title='bbox 2489 3840 2551 3895; x_wconf 91' lang='lat' dir='ltr'>C.</span> 
     </span>
     <span class='ocr_line' id='line_1_38' title="bbox 189 3927 1299 3997; baseline -0.004 -14"><span class='ocrx_word' id='word_1_353' title='bbox 189 3927 399 3983; x_wconf 87' lang='lat' dir='ltr'>Julius</span> <span class='ocrx_word' id='word_1_354' title='bbox 438 3929 891 3995; x_wconf 76' lang='lat' dir='ltr'>restauraverit,</span> <span class='ocrx_word' id='word_1_355' title='bbox 929 3929 1299 3997; x_wconf 83' lang='lat' dir='ltr'>ignoramus.</span> 
     </span>
    </p>
   </div>
   <div class='ocr_carea' id='block_1_10' title="bbox 186 4035 2553 4372">
    <p class='ocr_par' dir='ltr' id='par_1_13' title="bbox 186 4035 2553 4372">
     <span class='ocr_line' id='line_1_39' title="bbox 340 4035 2553 4105; baseline 0.001 -18"><span class='ocrx_word' id='word_1_356' title='bbox 340 4039 427 4088; x_wconf 88' lang='lat'>51.</span> <span class='ocrx_word' id='word_1_357' title='bbox 471 4038 511 4102; x_wconf 84' lang='lat'>¹)</span> <span class='ocrx_word' id='word_1_358' title='bbox 550 4036 785 4089; x_wconf 88' lang='lat' dir='ltr'>Becker</span> <span class='ocrx_word' id='word_1_359' title='bbox 813 4038 915 4085; x_wconf 89' lang='grc'>252</span> <span class='ocrx_word' id='word_1_360' title='bbox 954 4035 1182 4088; x_wconf 90' lang='lat' dir='ltr'>Preller</span> <span class='ocrx_word' id='word_1_361' title='bbox 1223 4035 1278 4087; x_wconf 93' lang='lat' dir='ltr'>II</span> <span class='ocrx_word' id='word_1_362' title='bbox 1308 4038 1439 4096; x_wconf 82' lang='lat'>2453</span> <span class='ocrx_word' id='word_1_363' title='bbox 1480 4036 1771 4104; x_wconf 88' lang='lat' dir='ltr'>templum</span> <span class='ocrx_word' id='word_1_364' title='bbox 1800 4036 2117 4104; x_wconf 88' lang='lat' dir='ltr'>Victoriae,</span> <span class='ocrx_word' id='word_1_365' title='bbox 2158 4037 2320 4105; x_wconf 89' lang='lat' dir='ltr'>quod</span> <span class='ocrx_word' id='word_1_366' title='bbox 2344 4036 2553 4091; x_wconf 87' lang='lat' dir='ltr'>Postu·</span> 
     </span>
     <span class='ocr_line' id='line_1_40' title="bbox 186 4124 2550 4193; baseline 0 -14"><span class='ocrx_word' id='word_1_367' title='bbox 186 4127 351 4179; x_wconf 89' lang='lat' dir='ltr'>mius</span> <span class='ocrx_word' id='word_1_368' title='bbox 392 4126 576 4192; x_wconf 86' lang='lat' dir='ltr'>vovit,</span> <span class='ocrx_word' id='word_1_369' title='bbox 628 4126 677 4177; x_wconf 92' lang='lat' dir='ltr'>si</span> <span class='ocrx_word' id='word_1_370' title='bbox 715 4129 879 4177; x_wconf 87' lang='lat' dir='ltr'>recte</span> <span class='ocrx_word' id='word_1_371' title='bbox 917 4125 981 4176; x_wconf 88' lang='lat' dir='ltr'>in</span> <span class='ocrx_word' id='word_1_372' title='bbox 1019 4124 1252 4177; x_wconf 88' lang='lat' dir='ltr'>Palatio</span> <span class='ocrx_word' id='word_1_373' title='bbox 1292 4125 1620 4193; x_wconf 86' lang='lat' dir='ltr'>posuimus,</span> <span class='ocrx_word' id='word_1_374' title='bbox 1674 4140 1794 4177; x_wconf 89' lang='lat' dir='ltr'>non</span> <span class='ocrx_word' id='word_1_375' title='bbox 1831 4127 1939 4191; x_wconf 87' lang='lat' dir='ltr'>est,</span> <span class='ocrx_word' id='word_1_376' title='bbox 1989 4126 2151 4193; x_wconf 89' lang='lat' dir='ltr'>quod</span> <span class='ocrx_word' id='word_1_377' title='bbox 2190 4126 2550 4193; x_wconf 82' lang='lat' dir='ltr'>dubitemuS,</span> 
     </span>
     <span class='ocr_line' id='line_1_41' title="bbox 188 4212 2550 4286; baseline -0 -17"><span class='ocrx_word' id='word_1_378' title='bbox 188 4216 344 4286; x_wconf 79' lang='lat' dir='ltr'>quin</span> <span class='ocrx_word' id='word_1_379' title='bbox 397 4213 677 4266; x_wconf 85' lang='lat' dir='ltr'>aedicula</span> <span class='ocrx_word' id='word_1_380' title='bbox 716 4212 960 4268; x_wconf 84' lang='lat' dir='ltr'>Catonis</span> <span class='ocrx_word' id='word_1_381' title='bbox 1000 4213 1223 4266; x_wconf 86' lang='lat' dir='ltr'>ibidem</span> <span class='ocrx_word' id='word_1_382' title='bbox 1260 4214 1462 4266; x_wconf 86' lang='lat' dir='ltr'>fuerit.</span> <span class='ocrx_word' id='word_1_383' title='bbox 1540 4212 1579 4278; x_wconf 58' lang='grc' dir='ltr'>ιἶ)</span> <span class='ocrx_word' id='word_1_384' title='bbox 1619 4212 1747 4266; x_wconf 88' lang='lat' dir='ltr'>Liv.</span> <span class='ocrx_word' id='word_1_385' title='bbox 1800 4213 2024 4267; x_wconf 90' lang='lat' dir='ltr'>XXXV</span> <span class='ocrx_word' id='word_1_386' title='bbox 2065 4218 2113 4283; x_wconf 87' lang='lat'>9,</span> <span class='ocrx_word' id='word_1_387' title='bbox 2154 4218 2216 4277; x_wconf 76' lang='grc' dir='ltr'>6ς</span> <span class='ocrx_word' id='word_1_388' title='bbox 2267 4219 2409 4268; x_wconf 89' lang='lat' dir='ltr'>vota</span> <span class='ocrx_word' id='word_1_389' title='bbox 2460 4219 2550 4268; x_wconf 87' lang='lat' dir='ltr'>est</span> 
     </span>
     <span class='ocr_line' id='line_1_42' title="bbox 186 4301 1907 4372; baseline -0.002 -14"><span class='ocrx_word' id='word_1_390' title='bbox 186 4302 496 4368; x_wconf 75' lang='lat' dir='ltr'>videlicet,</span> <span class='ocrx_word' id='word_1_391' title='bbox 539 4317 676 4354; x_wconf 88' lang='lat' dir='ltr'>cum</span> <span class='ocrx_word' id='word_1_392' title='bbox 715 4303 778 4354; x_wconf 90' lang='lat' dir='ltr'>in</span> <span class='ocrx_word' id='word_1_393' title='bbox 805 4301 1099 4371; x_wconf 85' lang='lat' dir='ltr'>Hispania</span> <span class='ocrx_word' id='word_1_394' title='bbox 1139 4303 1345 4355; x_wconf 88' lang='lat' dir='ltr'>consul</span> <span class='ocrx_word' id='word_1_395' title='bbox 1387 4303 1611 4355; x_wconf 83' lang='lat' dir='ltr'>bellum</span> <span class='ocrx_word' id='word_1_396' title='bbox 1650 4307 1907 4372; x_wconf 76' lang='lat' dir='ltr'>gereret.</span> 
     </span>
    </p>
   </div>
  </div>
 </body>
</html>
