3057 4850
1507 304 1909 368 -2-

532 514 690 561 rum
785 493 1195 577 catalogum
1274 494 1631 560 adnotatis
1709 497 2335 564 instaurationibus
2428 500 2888 565 reconcinne-

532 622 719 684 muS,
785 603 1009 667 altero
1073 603 1393 668 dicamus
1450 604 1538 668 de
1602 605 2129 686 quaestionibus
2185 606 2414 671 hisce:
2467 625 2650 688 quae
2697 607 2886 671 ratio

533 713 717 775 inter
779 714 1063 776 veteres
1134 709 1283 775 dies
1348 712 1565 775 festos
1630 716 1701 775 et
1764 713 2060 777 aedium¹
2117 715 2393 778 natales
2462 715 2886 796 intercedat,

534 836 702 882 num
766 836 909 899 qua
976 836 1197 882 causa
1243 819 1482 900 fuerit,
1553 838 1678 884 cur
1727 822 1994 902 templa
2059 826 2181 884 aut
2227 813 2432 885 'intra
2494 827 2616 886 aut
2676 826 2890 886 extra

534 927 927 1009 pomerium
977 930 1577 1009 construerentur,
1629 947 1811 1009 quae
1862 929 2076 993 aedes
2135 930 2367 993 locum
2417 931 2889 994 vetustiorum

539 1051 825 1098 ararum
895 1033 1461 1115 sacellorumque
1534 1035 2000 1117 obtinuerint,
2082 1055 2222 1099 non
2295 1020 2656 1101 defuturos
2727 1055 2887 1101 esse

536 1144 925 1223 sperantes,
990 1141 1113 1222 qui
1158 1141 1346 1203 omni
1409 1142 1706 1205 materie
1756 1142 2074 1206 adhibita
2121 1144 2339 1208 fusius
2389 1145 2887 1226 copiosiusque

536 1266 688 1311 rem
736 1251 1273 1330 persequantur.
1369 1248 1506 1312 Sed
1556 1254 1939 1331 antequam
1989 1251 2080 1313 ad
2128 1251 2198 1314 id
2248 1252 2433 1332 quod
2481 1251 2681 1315 nobis
2729 1269 2889 1332 pro-

536 1355 839 1436 positum
880 1358 1054 1436 erat,
1109 1354 1558 1438 accedamus,
1607 1358 1838 1421 fontes
1887 1359 2004 1439 qui
2041 1359 2179 1422 sint
2227 1365 2297 1423 et
2331 1364 2678 1441 quatenus
2709 1359 2888 1423 fides

536 1463 626 1525 sit
672 1462 756 1526 iis
803 1462 1156 1544 habenda,
1205 1462 1412 1527 brevi
1463 1482 1824 1546 exponere
1874 1468 2243 1548 oportebit.
2304 1467 2684 1531 Scientiam
2732 1485 2889 1530 nos-

536 1575 720 1633 tram
792 1569 878 1633 de
950 1569 1232 1633 aedium
1304 1588 1674 1635 sacrarum
1743 1572 2037 1637 historia
2101 1574 2461 1638 haurimus
2522 1575 2782 1656 partim
2847 1593 2888 1638 e

536 1697 773 1744 rerum
827 1679 1288 1762 scriptoribus
1343 1681 1606 1762 partim
1663 1699 1753 1745 ex
1809 1682 2303 1764 hemerologiis
2361 1688 2519 1765 post
2575 1683 2794 1746 fastos
2844 1701 2891 1744 a

541 1787 850 1853 Caesare
888 1786 1300 1851 emendatos
1335 1788 1785 1870 conscriptis;
1832 1807 2297 1871 quaecunque
2330 1789 2433 1853 illi
2466 1789 2552 1853 de
2584 1788 2890 1852 materia

537 1893 739 1958 nobis
786 1892 1167 1958 tractanda
1212 1895 1596 1958 memoriae
1643 1896 2123 1976 prodiderunt,
2173 1897 2291 1960 vel
2339 1900 2533 1961 recte
2589 1896 2706 1960 vel
2753 1914 2885 1977 per

540 1999 884 2082 ambages
940 2018 1031 2064 ex
1095 1999 1284 2064 urbis
1347 2002 1722 2065 annalibus
1787 2001 2159 2067 defluxisse
2221 2022 2381 2067 cum
2442 2004 2626 2067 inter
2690 2003 2885 2066 viros

540 2108 785 2173 doctos
833 2108 1033 2171 nulla
1094 2108 1183 2172 sit
1231 2109 1738 2190 controversia,
1799 2109 1890 2173 ad
1947 2129 2066 2174 eos
2124 2115 2200 2173 ut
2249 2111 2568 2173 ultimum
2616 2110 2885 2174 fontem

537 2215 973 2280 redeundum
1006 2217 1208 2280 nobis
1256 2234 1408 2280 esse
1442 2234 1649 2280 nemo
1699 2222 1805 2281 est
1854 2219 2018 2299 quin
2067 2219 2455 2298 intellegat.
2536 2217 2673 2282 Sed
2722 2236 2884 2281 cum

536 2323 899 2405 pleraque,
951 2341 1134 2405 quae
1184 2340 1272 2387 ex
1320 2323 1458 2386 illis
1507 2322 2046 2406 desumpserunt
2096 2329 2440 2406 auctores,
2489 2325 2591 2387 ita
2642 2324 2886 2406 ampli-

536 2433 754 2496 ficata
817 2432 957 2496 sint
1023 2437 1094 2495 et
1152 2436 1528 2513 exornata,
1597 2436 1675 2495 ut
1741 2434 1833 2496 ad
1891 2434 2459 2514 cognoscendam
2519 2433 2886 2497 historiam

538 2539 929 2602 Romanam
995 2539 1126 2602 nisi
1190 2557 1464 2603 summa
1525 2545 1816 2604 servata
1891 2541 2217 2604 cautione
2280 2559 2418 2602 non
2480 2540 2887 2604 adhibenda

538 2647 695 2728 sint,
767 2647 1148 2710 relationes
1212 2646 1298 2710 de
1361 2646 1573 2711 rebus
1638 2648 1880 2728 sacriS,
1948 2648 2206 2730 quippe
2273 2667 2456 2729 quae
2520 2648 2885 2711 annalium

537 2756 839 2819 formam
905 2756 1105 2819 brevi
1155 2755 1496 2837 aridaque
1553 2774 1788 2820 rerum
1851 2756 2381 2820 enumeratione
2431 2756 2888 2838 conspicuam

539 2880 804 2943 magna
869 2880 958 2926 ex
1020 2866 1225 2944 parte
1275 2863 1682 2943 ostendant,
1750 2863 2150 2927 testimonia
2200 2868 2360 2927 sunt
2424 2864 2579 2927 aliis
2627 2862 2889 2925 nuntiis

537 2971 756 3033 multo
806 2972 1113 3034 certiora
1167 2989 1321 3052 nec,
1372 2971 1694 3052 quotiens
1744 2971 2231 3034 additamenta
2276 2970 2709 3052 primitivam
2757 2970 2889 3032 for-

541 3095 731 3140 mam
757 3082 1298 3158 commutarunt,
1327 3096 1484 3141 eam
1513 3077 1604 3141 ad
1627 3077 1994 3160 exemplar
2014 3078 2452 3157 integrarum
2485 3076 2888 3160 perspicere

540 3184 745 3248 nimis
795 3188 900 3248 est
934 3184 1245 3264 difficile;
1297 3184 1593 3248 annales
1642 3203 1730 3247 ex
1763 3185 2173 3265 pontificum
2208 3184 2468 3248 tabulis
2517 3187 2890 3265 excerptos

542 3310 685 3356 non
728 3293 923 3355 *ultra
972 3309 1234 3354 annum
1284 3308 1347 3355 u.
1402 3310 1460 3355 c.
1513 3297 1640 3358 245
1691 3291 2072 3354 tetendisse
2120 3291 2283 3355 inde
2333 3296 2653 3373 apparet,
2706 3290 2892 3371 quod

542 3417 766 3481 usque
839 3398 930 3461 ad
995 3397 1170 3461 illud
1237 3402 1512 3480 tempus
1577 3398 1865 3461 nomina
1926 3398 2292 3462 consulum
2358 3401 2647 3461 servata
2709 3400 2887 3459 sunt.

540 3509 793 3589 Itaque
856 3506 1336 3586 narrationes,
1414 3523 1597 3586 quae
1663 3505 1754 3568 ad
1828 3523 2075 3586 regum
2149 3509 2457 3569 aetatem
2514 3503 2888 3586 pertinent,

542 3614 906 3679 fabulosas
955 3612 1389 3693 habebimus,
1439 3613 1865 3695 posteriores
1921 3613 2273 3675 interdum
2321 3610 2890 3693 inscriptionibus

545 3722 998 3785 confirmatas
1078 3720 1390 3801 genuina
1455 3713 1818 3783 annalium
1886 3720 2262 3783 traditione
2333 3719 2660 3782 restituta
2729 3717 2891 3782 huic

547 3828 941 3910 quaestioni
984 3827 1521 3890 fundamentum
1570 3827 1966 3890 subdemus,
2047 3825 2343 3888 Fontem
2390 3824 2526 3887 fide
2580 3824 2889 3904 dignissi-

545 3952 737 3997 mum
784 3936 1021 4016 putari
1071 3938 1349 4016 oportet
1406 3932 1911 4013 hemerologia,
1966 3951 2147 4014 quae
2205 3931 2539 4013 temporis
2588 3931 2888 4013 spatium

547 4060 591 4105 a
637 4041 905 4123 proelio
971 4041 1267 4104 Actiaco
1334 4058 1556 4121 usque
1622 4039 1712 4102 ad
1762 4057 2023 4102 annum
2076 4044 2151 4105 51
2216 4057 2282 4120 p.
2336 4036 2496 4102 Chr.
2548 4037 2888 4119 complec-

546 4151 826 4228 tuntur3
892 4148 962 4210 in
1012 4147 1138 4228 his,
1204 4148 1274 4210 id
1341 4146 1528 4228 quod
1590 4147 1977 4209 Mommsen
2035 4146 2324 4228 egregio
2386 4145 2887 4209 commentario

548 4255 621 4320 C.
672 4255 723 4317 I.
774 4254 829 4319 L
887 4255 919 4319 I
965 4274 1032 4340 p.
1085 4260 1210 4323 376
1281 4255 1373 4319 ad
1433 4254 1778 4338 liquidum
1834 4254 2194 4339 perduxit,
2263 4255 2400 4317 tria
2455 4272 2723 4336 genera
2778 4253 2889 4318 ad-

2938 414 3016 453 711
