3057 4850
1509 265 1955 373 416-

734 505 848 570 33.
942 502 1173 567 Aedes
1229 499 1427 566 Fidei
1482 502 1555 565 in
1614 500 1961 583 Capitolio
1994 505 2039 584 1)
2101 499 2326 581 primo
2388 499 2575 564 bello
2635 500 2903 567 Punico

555 611 645 674 ab
694 609 775 673 A.
826 608 1039 672 Atilio
1090 608 1414 673 Calatino
1464 627 1604 672 603.
1655 609 1774 672 vel
1824 608 1987 672 dict.
2039 611 2211 671 vota
2271 627 2334 671 a.
2387 614 2737 676 500=254
2788 613 2915 673 aut

555 720 975 799 504=2502)
1023 714 1247 781 dedic.
1297 715 1439 778 kal.
1476 714 1878 781 Oct.=Oct.
1920 718 2020 798 13)
2069 715 2343 779 refecta
2392 734 2436 778 a
2467 714 2555 778 M.
2608 715 2911 778 Aemilio

553 827 821 894 Scauro
871 839 1012 886 603.
1063 840 1126 885 a.
1181 826 1625 905 639=115.4)

732 925 850 986 34.
944 919 1176 983 Aedes
1225 919 1425 983 Jovis
1471 919 1854 984 Libertatis
1917 919 1990 982 in
2037 919 2392 983 Aventino
2416 924 2461 1002 1)
2522 938 2612 1003 ex
2658 920 2911 988 multae

553 1025 724 1090 ticia
791 1027 1098 1107 pecunia
1166 1026 1362 1091 facta
1434 1045 1478 1089 a
1557 1027 1658 1090 Ti.
1726 1027 2137 1108 Sempronio
2216 1026 2543 1091 Graccho
2616 1028 2780 1091 ante
2846 1046 2911 1090 a.

555 1138 904 1201 516=238
924 1139 971 1216 2)
1006 1134 1229 1200 dedic.
1265 1135 1407 1198 kal.
1436 1134 1909 1217 Sept.=Sept.
1953 1139 2055 1218 13)
2091 1136 2181 1198 ab
2207 1134 2525 1216 Augusto
2558 1135 2912 1215 refecta.4)

553 1262 822 1331 negabit.
906 1262 946 1327 ³)
994 1262 1126 1314 fast.
1176 1261 1326 1315 Vall.
1375 1261 1514 1315 Ant.
1564 1261 1642 1314 ad
1688 1259 1849 1331 Aug.
1902 1265 1925 1311 1
1970 1259 2032 1315 C.
2072 1260 2115 1312 I.
2152 1260 2221 1313 L.
2261 1261 2288 1314 I
2325 1278 2382 1330 p.
2432 1265 2533 1313 398
2582 1264 2715 1315 fast.
2764 1261 2916 1315 Arv.

552 1350 802 1404 Henzen
842 1349 1178 1405 CCXXXV.
1253 1349 1296 1416 ⁴)
1334 1350 1464 1403 Liv.
1502 1350 1648 1403 XXI
1671 1354 1756 1419 62,
1797 1354 1845 1401 4.
1920 1350 1962 1415 5)
2000 1348 2130 1403 Liv.
2169 1349 2366 1403 XXIV
2405 1353 2491 1418 47,
2534 1353 2616 1401 16.
2691 1350 2733 1415 ⁶)
2771 1349 2909 1404 Liv.

552 1439 717 1493 XXV
760 1442 806 1508 7,
847 1443 895 1490 6.
973 1439 1014 1506 ⁷)
1053 1440 1167 1495 Dio
1205 1439 1255 1492 L
1298 1444 1379 1509 10,
1421 1444 1468 1492 3.
1544 1441 1587 1506 8)
1627 1441 1768 1493 Tac.
1807 1440 1844 1491 1.
1883 1456 1932 1492 6.
2007 1439 2048 1504 ⁸)
2087 1438 2217 1492 Liv.
2257 1439 2401 1492 XXI
2444 1443 2528 1508 62,
2570 1443 2622 1491 6.

696 1532 780 1579 33.
823 1529 862 1594 l)
901 1530 1135 1583 Becker
1188 1533 1290 1582 403
1344 1530 1574 1584 Preller
1613 1529 1640 1582 I
1682 1532 1783 1580 252
1836 1529 2067 1582 Jordan
2105 1529 2132 1581 1
2173 1532 2222 1597 2,
2262 1532 2328 1579 42
2380 1528 2710 1605 Mommsen
2764 1545 2905 1582 ann.

555 1619 687 1672 dell'
729 1621 866 1672 inst.
910 1623 1044 1671 1858
1083 1637 1138 1689 p.
1179 1623 1281 1670 202
1321 1619 1674 1688 Marquardt
1716 1622 1800 1670 23.
1844 1622 1961 1669 189.
2010 1622 2111 1669 336
2151 1619 2445 1672 Wissowa
2483 1634 2576 1687 ap.
2617 1617 2908 1672 Roscher.

555 1694 630 1760 M]
682 1708 772 1761 W.
827 1712 992 1776 14813
1052 1709 1375 1761 verisimile
1435 1713 1525 1762 est
1553 1708 1868 1777 templum
1919 1709 2186 1762 tumultu
2223 1705 2581 1762 Gracchano
2635 1707 2902 1761 deletum

556 1812 687 1851 esse
726 1798 797 1851 cf.
839 1814 891 1851 a.
920 1802 968 1848 4.
1046 1797 1085 1863 ²)
1127 1797 1245 1852 Cic.
1287 1798 1359 1850 de
1399 1802 1519 1850 nat.
1563 1797 1724 1851 deor.
1763 1798 1821 1850 II
1862 1800 1923 1848 61
1970 1835 1981 1848 .
2024 1836 2036 1848 .
2080 1800 2150 1851 ut
2177 1795 2383 1862 Fides,
2420 1799 2490 1850 ut
2517 1798 2707 1862 MenS,
2746 1810 2904 1866 quas

555 1885 621 1939 in
664 1885 963 1955 Capitolio
1003 1885 1317 1941 dedicatas
1344 1885 1639 1952 videmia-3,
1669 1885 1961 1955 proxime
1989 1903 2027 1939 a
2055 1887 2138 1940 M.
2168 1884 2423 1940 Aemilio
2452 1886 2685 1940 Scauro
2701 1900 2723 1952 ,·
2763 1889 2906 1939 ante

556 1958 759 2030 austem
779 1978 854 2030 ab
871 1975 1057 2030 Atilio
1077 1975 1353 2031 Calatino
1375 1979 1510 2029 erat
1521 1975 1710 2031 Fides
1730 1978 2098 2030 consecrata.
2123 1976 2302 2045 Apud
2317 1965 2665 2030 Ciceronem
2688 1977 2762 2029 de
2781 1976 2905 2046 leg.

558 2066 614 2119 ΙΙ
644 2069 708 2117 28
737 2067 1024 2135 scriptum
1064 2081 1194 2119 esse
1221 2069 1376 2119 reete
1404 2064 1590 2119 etia-m
1618 2066 1768 2135 Spes
1794 2083 1832 2117 a
1863 2063 2140 2120 Calatino
2168 2067 2519 2119 consecrata
2546 2067 2633 2118 est
2672 2081 2793 2118 non
2819 2066 2910 2134 ig·-

558 2154 742 2208 naru's
766 2155 1097 2208 Lambinus
1136 2171 1243 2224 pro
1271 2153 1475 2220 Fides,
1516 2172 1698 2224 quam
1725 2171 1931 2209 omnes
1971 2155 2206 2209 codices
2235 2153 2540 2222 exhibent,
2581 2154 2731 2221 Spes
2770 2155 2912 2207 sub-

558 2244 929 2298 stituendum
956 2260 1086 2298 6336
1115 2245 1347 2297 censuit
1375 2260 1637 2313 eumque
1665 2245 1921 2299 editores
1962 2246 2153 2298 secuti
2183 2242 2323 2298 sunt
2349 2259 2484 2297 mea
2511 2244 2752 2311 quidem
2784 2260 2915 2297 sen·

560 2335 748 2388 tentia
768 2335 1144 2403 necessitate,
1173 2349 1293 2403 qua
1320 2334 1448 2388 sola
1468 2335 1710 2403 probari
1729 2339 1925 2404 potest
1952 2335 2317 2403 coniectura,
2344 2350 2466 2387 non
2493 2335 2714 2401 coacti3
2756 2333 2915 2387 duae

562 2425 720 2478 enim
747 2424 928 2478 aedes
969 2424 1128 2493 quod
1155 2425 1230 2477 ab
1259 2424 1468 2478 eodem
1508 2424 1662 2478 duce
1689 2429 2003 2493 voventur,
2043 2425 2125 2478 nil
2154 2424 2496 2479 offensionis
2524 2421 2725 2492 habet,
2766 2437 2903 2477 eum

561 2517 718 2569 idem
748 2516 821 2568 de
859 2516 1040 2568 Furio
1070 2514 1336 2582 Camillo,
1376 2514 1632 2568 Aemilio
1658 2514 1886 2586 Lepido
1927 2515 2181 2584 aliisque
2221 2516 2688 2585 comperiamus3
2726 2515 2916 2567 verba

562 2607 693 2675 ipsa
720 2622 856 2658 cum
884 2605 1316 2674 praeeuntibus
1343 2607 1411 2656 ut
1438 2603 1644 2669 Fides,
1681 2607 1747 2657 ut
1773 2605 1964 2669 MenS,
1993 2620 2147 2674 quas
2173 2603 2242 2657 in
2272 2602 2572 2672 Capitolio
2600 2602 2919 2658 dedicatas
3013 2615 3014 2620 ’

564 2693 842 2748 videmus
878 2699 1245 2765 {comparata
1294 2694 1522 2747 nullam
1576 2695 1868 2763 praebent
1920 2694 2360 2761 difficultatem3
2412 2693 2700 2747 adverbia
2753 2694 2916 2747 enim

557 2783 848 2854 promime
889 2788 947 2837 et
985 2786 1123 2836 ante
1150 2785 1235 2836 ita
1260 2785 1416 2837 inter
1456 2798 1519 2837 se
1561 2789 1962 2853 opponuntur,
2003 2788 2070 2837 ut
2109 2787 2319 2836 auctor
2359 2783 2556 2836 dicere
2595 2783 2764 2836 velit:
2803 2784 2921 2852 pri-

566 2891 729 2928 mum
757 2874 925 2927 Fidei
965 2874 1144 2927 aedes
1173 2876 1335 2937 (ante
1363 2874 1476 2926 dea
1501 2871 1769 2927 habebat
1807 2866 2115 2938 sacellum)
2157 2873 2434 2925 dedicata
2473 2877 2564 2926 est
2585 2888 2621 2925 a
2642 2871 2918 2926 Calatino

568 2969 626 3017 et
648 2961 874 3017 Mentis
894 2963 969 3015 ab
995 2960 1268 3026 Otacilio,
1298 2964 1346 3015 si
1372 2964 1645 3017 scivisset
1673 2963 2050 3016 adiecturum
2077 2963 2263 3016 fuisse
2286 2977 2424 3015 eum
2446 2962 2671 3031 opinor,
2701 2961 2920 3014 deinde

568 3058 826 3121 utraque
864 3053 1082 3105 iterum
1122 3067 1158 3105 a
1197 3050 1423 3106 Scauro
1464 3057 1555 3106 est
1593 3057 1972 3120 consecrata3
2013 3067 2135 3120 qua
2171 3053 2665 3120 interpretatione
2703 3052 2751 3104 si
2791 3066 2919 3104 rem

568 3143 760 3212 tetigi,
798 3157 973 3195 nemo
997 3142 1311 3209 dubitabit,
1351 3143 1496 3211 quin
1523 3141 1595 3195 A.
1618 3142 1837 3196 Atilius
1878 3145 1984 3195 aut
2029 3143 2249 3194 iterum
2270 3141 2479 3194 consul
2520 3144 2625 3193 aut
2664 3139 2922 3193 dictator

570 3234 663 3297 (cf.
687 3232 817 3285 aed.
841 3235 905 3282 32
919 3247 971 3284 a.
990 3233 1042 3296 2)
1064 3236 1271 3283 votum
1292 3232 1516 3284 fecerit.
1557 3232 1598 3296 ³)
1619 3233 1753 3285 fast.
1776 3231 1917 3284 Arv.
1940 3232 2033 3284 ad.
2056 3231 2183 3285 Oct.
2200 3231 2490 3283 lHenzen
2504 3228 2918 3284 CCXXXVIII

471 3323 481 3331 ‘
569 3323 702 3375 fast.
743 3320 921 3374 Amit.
962 3319 1022 3373 C.
1046 3320 1090 3371 I.
1112 3319 1176 3372 L.
1217 3320 1244 3372 I
1282 3337 1337 3389 p.
1378 3324 1499 3376 403.
1574 3320 1616 3386 ⁴)
1658 3319 1776 3374 Cic.
1817 3321 1890 3373 de
1929 3325 2051 3373 nat.
2093 3321 2252 3374 deor.
2283 3320 2340 3372 II
2369 3323 2455 3371 61.

715 3405 798 3452 34.
842 3401 878 3466 1)
917 3400 1151 3454 Becker
1189 3404 1293 3451 460
1343 3401 1571 3454 Preller
1609 3400 1668 3454 II
1708 3404 1810 3452 253
1858 3400 2088 3453 Jordan
2139 3398 2289 3469 Eph.
2330 3416 2420 3469 ep.
2461 3399 2487 3451 I
2524 3416 2582 3468 p.
2621 3401 2723 3449 236
2763 3398 2921 3451 Mar-

572 3492 789 3561 quardt
811 3493 894 3541 23.
972 3489 1011 3555 ²)
1050 3489 1179 3543 Liv.
1206 3490 1402 3543 XXIV
1427 3493 1509 3558 16,
1535 3493 1598 3541 19
1619 3489 2038 3559 Sempronium
2060 3490 2314 3543 aedilem
2335 3488 2673 3542 faciendam
2694 3488 2912 3541 aedem

573 3597 817 3636 curasse
855 3580 994 3632 inde
1034 3584 1301 3649 apparet,
1341 3580 1502 3649 quod
1530 3596 1605 3633 ex
1638 3581 1973 3633 multaticia
1999 3582 2260 3649 pecunia
2299 3571 2429 3632 eam
2468 3579 2717 3644 locavit3
2756 3577 2918 3630 idem

574 3687 711 3725 cum
759 3687 810 3723 a.
864 3672 1155 3720 516=238
1211 3670 1530 3722 consulatu
1581 3670 1825 3722 functus
1877 3670 1952 3722 sit
2006 3673 2065 3722 et
2117 3668 2439 3733 aedilitate,
2488 3668 2579 3719 uti
2631 3681 2761 3719 mos
2813 3671 2922 3735 est,

573 3761 877 3814 nonnullis
900 3761 1072 3812 annis
1096 3764 1258 3827 ante,
1305 3774 1340 3810 a
1366 3758 1889 3812 verisimilitudine
1916 3774 2036 3811 non
2064 3758 2477 3811 aberrabimus
2498 3756 2727 3810 ultimis
2748 3757 2924 3824 primi

573 3850 717 3903 belli
755 3850 969 3903 Punici
1009 3851 1183 3902 annis
1224 3849 1526 3901 aedificari
1556 3852 1828 3917 coeptam
1869 3863 2000 3901 6336
2039 3848 2249 3902 aedem
2278 3848 2721 3913 existimantes;
2763 3848 2926 3914 quod

577 3944 778 3992 autem
794 3956 913 3992 non
933 3955 1069 3992 raro
1086 3940 1167 4006 fit,
1189 3943 1273 4006 ut,
1296 3939 1398 4006 qui
1412 3939 1476 3991 in
1491 3939 1693 4006 aliquo
1716 3939 2079 4008 magistratu
2095 3937 2305 3990 aedem
2321 3941 2518 4004 vovet,
2541 3936 2727 3989 alium
2749 3937 2926 4007 adep-

577 4033 673 4080 tus
690 4045 822 4081 eam
839 4029 1088 4095 dedicet,
1104 4043 1338 4080 mecum
1353 4028 1556 4095 facieS,
1576 4027 1623 4080 si
1640 4043 1676 4079 a
1692 4026 2041 4096 Sempronio
2058 4028 2303 4080 consule
2317 4042 2368 4079 a.
2383 4029 2676 4077 516=238
2694 4029 2927 4079 statues

577 4117 864 4186 templum
887 4133 1015 4170 esse
1039 4118 1396 4170 dedicatum.
1430 4116 1471 4181 ³)
1491 4117 1624 4169 fast.
1648 4116 1790 4169 Arv.
1811 4117 1888 4169 ad
1912 4113 2072 4186 Sept.
2100 4120 2124 4166 1
2151 4116 2402 4169 Henzen
2419 4114 2788 4182 CCXXXVI3
2810 4113 2926 4169 hoc

579 4206 673 4258 die
710 4207 784 4259 ab
822 4206 1101 4275 Augusto
1143 4206 1419 4260 dedicata
1459 4211 1549 4260 est
1584 4207 1655 4259 cf.
1693 4222 1782 4277 cp.
1823 4206 1881 4259 II
1917 4204 1976 4261 h.
2015 4205 2151 4259 diss.
2208 4205 2250 4273 ⁴)
2285 4221 2442 4259 mon.
2480 4204 2628 4259 Anc.
2665 4204 2747 4261 IV
2784 4208 2815 4256 6
2853 4205 2924 4258 cf.

579 4295 906 4351 Mommsen
943 4294 1164 4350 RGDA
1201 4313 1258 4369 p.
1297 4299 1382 4351 81.
