3057 4850
1488 341 1929 402 *50—

706 530 937 631 Quam
988 533 1076 595 ob
1142 551 1294 595 rem
1345 532 1559 596 aedes
1609 532 1777 615 Opis
1828 532 2181 614 Opiferae,
2252 532 2420 615 Opis
2487 533 2578 596 ad
2626 534 2883 616 forum,

527 640 735 702 deum
781 636 1180 719 Penatium,
1231 638 1494 702 Larum
1526 638 1996 720 Publicorum,
2040 639 2315 720 Florae,
2367 639 2623 721 Liberi,
2694 658 2884 720 quae

524 750 684 827 post
732 765 794 809 a.
834 751 1186 812 564=190
1222 747 1525 827 primum
1561 750 2219 827 commemorantur,
2270 746 2602 810 interiore
2637 750 2885 811 tamen

526 853 596 915 in
645 856 849 934 parte
901 853 1090 916 urbis
1139 853 1276 916 sita
1322 858 1502 933 sunt,
1554 854 1863 918 secundo
1900 873 1960 917 a.
1998 853 2073 921 C.
2109 854 2394 918 saeculo
2445 854 2885 935 antiquiores

528 979 681 1024 esse
731 978 1006 1024 cense0.

706 1209 972 1291 Restat,
1040 1213 1117 1273 ut
1186 1210 1272 1273 de
1322 1211 1599 1274 ratione
1666 1211 1847 1275 inter
1909 1216 2229 1274 veterum
2298 1210 2758 1274 delubrorum
2818 1215 2891 1274 et

527 1316 808 1380 aedium
875 1318 1349 1380 recentiorum
1415 1319 1609 1382 locos
1677 1317 2161 1381 intercedente
2228 1335 2464 1398 pauca
2530 1317 2887 1399 dicamus3

528 1423 620 1487 ad
668 1423 857 1488 hanc
891 1426 1376 1506 quaestionem
1424 1429 1619 1489 recte
1652 1425 2067 1488 solvendam
2102 1424 2288 1506 deOS,
2341 1425 2460 1506 qui
2494 1428 2885 1506 antequam

527 1532 794 1595 maiore
860 1531 1405 1613 pulchrioreque
1463 1536 1717 1595 ornatu
1778 1533 2172 1612 magnificis
2238 1533 2308 1594 in
2359 1532 2637 1613 templis
2700 1532 2885 1597 cole-

527 1639 807 1720 bantur,
859 1640 1253 1703 vetustiora
1299 1641 1470 1703 fana
1509 1641 1661 1703 sine
1707 1644 1893 1704 tecto
1936 1640 2409 1721 possidebant,
2461 1622 2884 1704 enumerare

529 1764 670 1808 non
721 1746 854 1809 erit
900 1746 1183 1823 inutile;
1243 1765 1380 1828 quo
1430 1748 1500 1809 in
1551 1765 1841 1810 numero
1890 1767 2031 1811 non
2079 1747 2285 1810 modo
2348 1766 2467 1811 eos
2516 1748 2886 1811 habendos

538 1870 691 1916 esse
743 1872 1018 1934 cense0,
1087 1873 1383 1934 quorum
1433 1855 1704 1918 sacella
1751 1854 1907 1936 ipsa
1970 1873 2205 1918 rerum
2254 1856 2634 1936 scriptores
2702 1873 2887 1918 com-

529 1961 1268 2024 memorant—immo
1305 1980 1477 2024 vero
1527 1962 1598 2024 in
1647 1961 1786 2025 hac
1842 1981 1917 2026 re
1951 1962 2238 2025 minima
2290 1961 2482 2042 digni
2517 1967 2678 2025 sunt
2725 1962 2886 2043 fide,

530 2067 735 2148 quod,
787 2068 843 2131 si
889 2069 1085 2132 cuius
1123 2069 1397 2132 delubri
1445 2055 1778 2148 ignorant
1818 2070 2179 2150 originem,
2232 2088 2276 2131 a
2323 2087 2570 2149 regum
2621 2075 2887 2151 tempo-

434 2217 442 2224 ·
530 2174 722 2237 ribus
756 2193 914 2238 eam
941 2179 1265 2256 repetere
1293 2176 1521 2239 solent
1543 2217 1629 2223 —
1651 2177 1774 2239 sed
1802 2176 1957 2239 illos
1983 2176 2440 2257 potissimum,
2478 2178 2731 2258 quibus
2765 2178 2886 2241 vel

530 2282 850 2345 flamines
901 2282 1379 2345 attribuuntur
1412 2284 1531 2345 vel
1565 2287 1845 2346 veteres
1879 2283 2027 2351 dies
2059 2284 2219 2346 festi
2268 2285 2530 2348 sacrati
2571 2289 2733 2348 sunt
2766 2285 2886 2348 Vel

540 2389 835 2471 antiqua
882 2390 1043 2454 loca
1091 2390 1378 2454 nomina
1428 2391 1705 2454 debent.
1802 2390 2167 2472 Respectis
2216 2392 2429 2471 igitur
2494 2391 2601 2455 his
2651 2393 2887 2457 causis

530 2497 835 2579 primum
884 2497 1106 2561 habes
1158 2497 1472 2578 delubra,
1525 2517 1709 2579 quae
1758 2518 1879 2562 seu
1931 2500 2000 2561 in
2052 2518 2296 2562 aream
2329 2501 2752 2581 templorum
2802 2501 2887 2564 iis

535 2608 702 2688 ipsis
771 2607 900 2670 diis
962 2611 1212 2688 postea
1261 2608 1702 2690 conditorum
1752 2611 1985 2671 tracta
2032 2626 2185 2670 esse
2234 2608 2492 2671 scimus
2554 2627 2677 2671 seu
2747 2608 2888 2671 illis

535 2714 856 2777 cessisse:

713 2821 1086 2902 Apollinar
1118 2821 1188 2883 in
1223 2820 1445 2901 pratis
1478 2819 1895 2903 Flaminiis1)
1931 2819 2107 2902 (Liv.
2137 2820 2238 2884 III
2265 2826 2369 2899 63,
2409 2826 2440 2885 7
2480 2820 2567 2883 cf.
2604 2820 2776 2883 aed(
2799 2827 2886 2904 8).

716 2947 844 2991 ara
892 2933 963 2991 et
1010 2928 1212 2991 lucus
1260 2927 1617 2990 Fortunae
1666 2926 2025 2990 Muliebris
2075 2928 2196 2990 Via
2235 2926 2493 2989 Latina
2541 2926 2632 2989 ad
2681 2945 2889 3008 quar-

538 3043 684 3101 tum
734 3036 1112 3099 miliarium
1163 3034 1390 3118 (Dion.
1442 3036 1610 3098 VIII
1658 3041 1739 3101 55
1792 3036 1877 3099 cf.
1932 3035 2083 3097 aed.
2138 3040 2221 3115 5).

715 3144 1059 3208 sacellum
1107 3143 1307 3206 Jovis
1355 3143 1665 3218 Feretrii,
1704 3143 1774 3205 in
1824 3141 2171 3223 Capitolio
2221 3142 2398 3223 (Liv.
2435 3142 2466 3203 I
2505 3148 2603 3221 10,
2657 3148 2726 3214 6;
2780 3149 2886 3223 33,

539 3260 576 3320 9
625 3251 809 3316 Fest.
860 3270 926 3332 p.
983 3256 1105 3317 189
1157 3251 1244 3314 cf.
1297 3251 1449 3313 aed.
1503 3254 1632 3331 85).

715 3358 1062 3421 sacellum
1110 3357 1310 3420 Jovis
1359 3357 1656 3421 Statoris
1723 3356 1793 3418 in
1859 3374 2050 3418 nova
2112 3356 2234 3419 via
2283 3356 2461 3437 (Liv.
2512 3356 2580 3417 X
2631 3362 2734 3434 36,
2807 3362 2881 3421 11

539 3468 626 3533 cf.
678 3466 831 3530 aed.
885 3470 1006 3547 20).

685 3683 723 3748 1)
775 3682 1006 3737 Jordan
1039 3682 1186 3751 Top.
1226 3681 1284 3734 II
1339 3684 1440 3732 265
1481 3697 1565 3749 sq.
1618 3684 1865 3749 accepta
1915 3679 1980 3732 Ο.
2016 3679 2289 3732 Muelleri
2332 3678 2679 3730 coniectura
2725 3678 2891 3746 apud

537 3774 867 3827 Varronem
906 3772 942 3823 l.
970 3772 1005 3823 l.
1031 3772 1084 3825 V
1112 3774 1177 3822 52
1212 3787 1319 3841 pro
1360 3770 1559 3823 verbis
1598 3770 1927 3823 adversum
1965 3771 2051 3821 est
2082 3766 2435 3836 pilonarois
2471 3756 2639 3820 edem
2665 3765 2891 3820 salutis

539 3862 867 3932 legendum
905 3876 1036 3915 esse
1083 3863 1413 3914 adversum
1453 3862 1540 3913 est
1575 3858 1880 3927 Apolinar
1918 3855 2004 3911 cis
2052 3859 2260 3910 aedem
2303 3855 2535 3909 Salutis
2587 3855 2739 3908 falso
2783 3872 2892 3925 per

540 3952 885 4020 analogiam
926 3949 1237 4020 Apollinar
1283 3952 1365 4002 cis
1407 3949 1619 4002 aedem
1662 3947 1885 4001 Salutis
1923 3948 1959 3999 i.
2001 3963 2050 3998 e.
2092 3948 2155 3999 in
2191 3946 2340 3998 colle
2382 3947 2561 3998 situm
2599 3947 2659 3997 in
2699 3947 2892 4013 pratis

540 4041 847 4095 Flaminiis
876 4038 1102 4092 aLivio
1131 4039 1409 4091 collocari
1438 4040 1744 4107 opinatum
1773 4038 1877 4089 sed
1904 4038 2136 4089 sirecte
2161 4037 2360 4105 legem
2384 4036 2702 4088 statuimus
2725 4050 2896 4102 pere—

540 4132 730 4200 grinis
760 4130 870 4184 diis
899 4135 1038 4183 ante
1061 4146 1285 4183 annum
1309 4132 1601 4180 536=218
1629 4124 2146 4196 intra'pomerium
2175 4127 2396 4195 templa
2424 4142 2544 4178 non
2573 4140 2702 4178 esse
2732 4121 2894 4178 aedi-

540 4221 735 4288 ficata,
765 4220 884 4274 alia
911 4220 1239 4273 eorundem
1266 4220 1583 4272 numinum
1611 4220 1753 4271 fana
1779 4218 1879 4270 illo
1903 4222 2169 4285 tempore
2197 4218 2289 4269 ius
2311 4216 2561 4285 pomerii
2583 4215 2893 4283 accepisse

541 4325 931 4380 nequaquam
960 4313 1049 4364 est
1080 4310 1207 4363 veri
1236 4309 1457 4370 simile3
1486 4322 1675 4377 quare
1704 4308 2110 4359 coniecturam
2138 4321 2260 4357 non
2286 4304 2688 4373 probabimus.
2895 4323 2904 4380 ᾗ

2892 4385 2912 4488 l

2903 4492 2974 4658 l
