3057 4850
649 503 769 566 64.
863 495 1095 561 Aedes
1147 497 1355 560 deum
1401 496 1773 560 Penatium
1820 496 1892 559 in
1939 495 2146 560 Velia
2168 499 2214 580 l)
2265 496 2490 561 dedic.
2541 499 2707 561 ante
2759 515 2827 560 a.

471 609 840 686 587=167,
892 622 1028 685 quo
1080 602 1167 666 de
1216 604 1418 667 caelo
1467 607 1666 668 tacta
1714 608 1820 667 est
1844 603 1889 691 2)
1943 605 2032 668 ab
2081 603 2398 684 Augusto
2446 604 2827 691 refecta.3)

649 718 788 781 65..
863 712 1094 775 Aedes
1141 710 1499 774 Fortunae
1547 710 1893 791 huiusque
1946 710 2083 773 diei
2130 711 2202 773 in
2250 709 2525 774 Palatio
2553 714 2600 796 1)
2650 731 2695 775 a
2741 711 2822 774 L.

467 819 766 884 Aemilio
814 819 1034 882 Paulo
1103 836 1242 882 cos.
1311 818 1381 879 in
1430 835 1675 899 pugna
1740 817 1832 880 ad
1878 817 2198 898 Pydnam
2263 823 2437 880 vota
2495 837 2556 881 a.
2610 825 2828 886 5862-

474 932 598 994 168
646 945 782 991 1100
814 925 1033 988 multo
1067 930 1226 1006 post
1275 924 1498 988 dedic.
1533 928 1586 1011 2)
1640 924 1726 987 de
1758 924 2085 988 manibiis
2135 924 2501 990 Cimbricis
2549 926 2829 991 refecta

466 1034 905 1116 porticuque.
935 1036 1188 1096 ornata
1237 1051 1281 1094 a
1329 1031 1411 1112 Q.
1458 1031 1741 1115 Lutatio
1778 1030 2028 1095 Catulo
2078 1050 2217 1095 cos‚
2270 1022 2331 1096 a.
2384 1037 2823 1118 652=102.3)

646 1146 765 1208 66.
838 1139 1069 1203 Aedes
1094 1137 1485 1202 Felicitatis
1519 1139 1592 1200 in
1626 1138 1991 1222 Velabrol)
2028 1157 2071 1201 a
2110 1138 2186 1201 L.
2225 1138 2493 1203 Licinio
2522 1140 2821 1206 Lucullo

468 1267 608 1312 cos.
654 1247 837 1311 bello
881 1246 1156 1310 Iberico
1196 1253 1369 1311 vota
1410 1264 1472 1308 a.
1511 1250 1878 1327 603=151,
1924 1247 2014 1310 ab
2059 1245 2309 1310 eodem
2344 1246 2568 1312 dedic.
2604 1249 2820 1329 paulo

468 1359 628 1437 post
667 1373 728 1417 a.
761 1357 1164 1436 608=1462)
1196 1353 1324 1417 sub
1346 1352 1622 1416 Claudii
1642 1353 2048 1434 principatu
2072 1353 2399 1417 incendio
2423 1357 2820 1440 cremata.3)

611 1502 694 1550 63.
773 1498 812 1564 ¹)
850 1497 1085 1551 Becker
1124 1501 1225 1548 618
1282 1497 1510 1550 Preller
1562 1497 1620 1549 II
1673 1499 1773 1548 184
1819 1496 1886 1550 R.
1928 1496 2103 1550 Peter
2155 1513 2247 1567 ap.
2286 1496 2555 1552 Roschcr
2604 1500 2678 1552 M.
2726 1501 2821 1555 W.

473 1591 626 1641 1521.
693 1587 732 1655 ἵ)
769 1587 900 1642 Liv.
941 1587 1048 1640 XL
1086 1591 1172 1655 40,
1215 1591 1306 1655 103
1346 1590 1431 1639 44.
1472 1591 1520 1638 9.
1588 1585 1627 1653 3)
1665 1586 1795 1640 Liv.
1834 1587 2002 1640 XLII
2046 1591 2127 1657 10,
2168 1591 2198 1638 5
2238 1590 2310 1641 cf.
2352 1593 2400 1658 3,
2444 1593 2468 1640 1
2510 1590 2641 1643 Val.
2663 1590 2819 1643 Max.

468 1680 495 1732 Ι
537 1683 584 1748 1,
624 1682 707 1730 20.
772 1678 816 1744 ⁴)
855 1677 997 1730 Tac.
1035 1693 1172 1730 ann.
1212 1677 1300 1729 III
1331 1680 1391 1728 71
1435 1675 1549 1730 etsi
1588 1677 1846 1730 delubra
1884 1675 2014 1730 eius
2053 1679 2197 1731 deae
2227 1678 2593 1748 (Fortunae)
2622 1681 2822 1733 multa

468 1769 537 1824 in
586 1771 735 1824 urbe
793 1772 988 1834 erant,
1045 1769 1285 1821 nullum
1343 1770 1546 1820 tamen
1613 1767 1725 1821 tali
1782 1771 2169 1837 coynomento
2230 1767 2603 1838 (Equestris)
2667 1772 2819 1823 erat.

468 1861 613 1914 Vitr.
642 1859 732 1912 III
760 1862 809 1927 3,
850 1861 880 1908 2
910 1859 1033 1926 (qui
1062 1859 1222 1911 circa
1260 1873 1311 1910 a.
1342 1844 1599 1908 74o=14
1627 1858 1807 1912 libros
1848 1857 1921 1911 (10
1967 1855 2375 1911 architectura
2414 1860 2818 1928 composuit.):

470 1949 984 2019 quemadmodum
1031 1949 1119 2000 est
1169 1948 1483 1999 Fortunae
1523 1945 1847 2015 Equestris
1900 1945 2125 2016 (aedes)
2182 1948 2264 2000 ad
2317 1949 2625 2000 theatrum
2664 1947 2818 2016 lapi-

469 2039 650 2091 deum
686 2038 788 2090 illo
828 2041 1095 2106 tempore
1132 2037 1434 2105 integram
1473 2036 1687 2089 aedem
1725 2037 1912 2089 fuisse
1952 2035 2142 2089 docet.
2180 2086 2186 2092 .

613 2130 696 2178 64.
748 2126 788 2191 l)
826 2125 1059 2179 Becker
1099 2127 1199 2176 247
1241 2125 1466 2178 Prcller
1505 2125 1564 2177 ΙΙ
1607 2128 1707 2176 170
1746 2125 1974 2178 Jordan
2013 2125 2040 2177 I
2080 2128 2137 2188 2,
2189 2128 2290 2176 416
2330 2126 2681 2194 Marquardt
2717 2130 2819 2179 253
2989 2184 2996 2195 ι

470 2217 762 2270 Wissowa
799 2217 1001 2269 Herm.
1040 2214 1214 2267 XXII
1266 2231 1322 2284 p.
1363 2217 1446 2266 29.
1524 2213 1565 2279 ²)
1612 2213 1742 2267 Liv.
1782 2214 1939 2268 XLV
1983 2218 2073 2283 16,
2128 2218 2157 2265 5
2210 2215 2422 2268 aedem
2460 2212 2577 2268 hac
2618 2220 2819 2270 aetate
2997 2130 3014 2327 1

469 2307 657 2360 multo
698 2306 1095 2374 antiquiorem
1135 2306 1320 2358 fuisse
1361 2319 1690 2373 cognosces
1731 2319 1805 2356 ex
1841 2303 2239 2373 descriptione
2278 2305 2453 2358 Dion.
2491 2307 2626 2360 Hal.
2667 2307 2695 2359 I
2735 2311 2819 2360 67.

472 2394 512 2462 3)
561 2411 718 2449 mon.
759 2394 906 2449 Anc.
948 2394 1027 2449 IV
1069 2397 1097 2446 7
1139 2395 1208 2448 cf.
1250 2394 1578 2447 Mommsen
1617 2392 1837 2448 RGDA
1876 2411 1930 2464 p.
1972 2397 2057 2446 82.

613 2490 696 2538 65.
742 2486 778 2550 ¹)
819 2486 1051 2540 Becker
1101 2488 1204 2535 423
1252 2485 1479 2537 Preller
1533 2485 1590 2537 II
1646 2487 1744 2535 186
1783 2484 1849 2537 R.
1902 2484 2080 2537 Peter
2128 2501 2221 2554 ap.
2273 2484 2557 2540 Roscher.
2609 2487 2684 2539 M.
2724 2487 2814 2540 W.

474 2579 638 2645 15143
679 2575 796 2628 duo
837 2575 1060 2643 templa
1085 2574 1420 2644 possedisse
1460 2573 1574 2627 dea
1611 2574 1851 2626 videtur
1878 2574 2151 2642 alterum,
2192 2576 2265 2628 de
2305 2591 2423 2644 quo
2451 2577 2532 2628 nil
2562 2576 2817 2646 amplius

471 2667 765 2733 novimuS,
818 2666 880 2717 in
920 2680 1128 2733 campo
1169 2664 1239 2715 cf.
1281 2664 1413 2716 fast.
1454 2663 1618 2716 Pinc.
1661 2663 1818 2715 Allif.
1861 2663 1937 2715 ad
1975 2662 2104 2715 Jul.
2138 2668 2204 2715 30
2244 2664 2305 2719 C.
2345 2665 2389 2717 Ι.
2429 2665 2495 2718 L.
2535 2666 2562 2717 I
2600 2683 2654 2734 p.
2698 2670 2815 2734 398,

472 2756 728 2809 alterum
776 2755 838 2807 in
885 2754 1148 2821 Palatio,
1200 2753 1377 2822 quod,
1429 2769 1537 2805 cur
1576 2753 1802 2806 Preller
1855 2752 1932 2805 ad
1979 2755 2204 2806 circum
2251 2755 2576 2808 maximum
2597 2761 2816 2825 ponat,

471 2846 702 2914 ignoro,
730 2844 901 2897 Basis
929 2842 1267 2911 Capitolina
1295 2842 1378 2908 (C.
1408 2843 1452 2895 I.
1479 2842 1528 2895 L
1555 2842 1636 2895 VI
1665 2845 1788 2907 975)
1829 2844 1889 2894 111
1915 2844 2166 2912 regione
2204 2843 2260 2896 X
2288 2844 2563 2909 (Palatio)
2591 2845 2815 2898 indicat

470 2936 671 2987 vicum
711 2932 1016 3001 huiusque
1065 2932 1209 3001 diei3
1251 2932 1502 2986 Catulus
1556 2932 1633 2985 ad
1678 2932 1891 2986 aedem
1943 2931 2127 2987 huius
2159 2935 2440 2991 ,numinis
2481 2933 2601 2987 duo
2642 2935 2816 3003 signa

474 3026 632 3078 dicat
671 3025 843 3089 (Plin.
883 3021 941 3077 h.
982 3040 1038 3075 11.
1078 3022 1331 3076 XXXIV
1372 3025 1486 3091 54),
1525 3023 1685 3076 idem
1723 3039 1906 3092 prope
1959 3024 2199 3076 domum
2248 3022 2551 3077 Ciceronis
2590 3025 2626 3075 i.
2667 3039 2715 3076 e.
2754 3024 2815 3075 in

472 3115 705 3167 Palatio
744 3115 1039 3183 porticum
1080 3114 1371 3166 construit
1411 3112 1554 3179 (Cic.
1593 3130 1647 3181 p.
1689 3112 1841 3165 dom.
1885 3115 2032 3181 102);
2082 3128 2307 3166 morem
2344 3114 2549 3182 fuisse,
2588 3119 2673 3182 ut,
2714 3115 2814 3181 qui

474 3203 683 3257 aedem
711 3204 806 3256 vel
829 3203 1225 3256 aedificarunt
1245 3202 1340 3255 vel
1361 3203 1720 3269 refecerunt,
1743 3203 2108 3255 ornamentis
2137 3218 2268 3255 eam
2288 3203 2654 3256 instruerent
2682 3220 2816 3256 cum

472 3294 676 3346 multis
717 3293 1003 3361 exemplis
1043 3291 1403 3345 edoceamur
1443 3293 1536 3356 (cf.
1575 3291 1799 3360 templa
1836 3292 2094 3344 Honoris
2136 3297 2194 3344 et
2231 3291 2500 3360 Virtutis,
2539 3293 2822 3366 Herculis

472 3382 799 3450 Musarum,
837 3381 1164 3434 Felicitatis
1217 3383 1367 3449 etc),
1419 3382 1761 3433 testimonia
1798 3381 1902 3433 illa
1949 3385 2109 3434 certe
2161 3382 2246 3433 ita
2284 3382 2503 3449 optime
2550 3383 2706 3436 inter
2753 3369 2854 3437 se&

473 3473 886 3539 conciliantur,
925 3476 993 3524 ut
1021 3471 1270 3525 Catulus
1299 3471 1375 3523 ad
1403 3467 1614 3523 aedem
1642 3486 1678 3522 a
1704 3486 1768 3523 se
1794 3471 2131 3524 restitutam
2177 3472 2532 3540 porticuque
2572 3473 2817 3525 circum-

474 3561 674 3614 datam
713 3563 776 3613 in
821 3561 1052 3613 Palatio
1083 3562 1259 3629 signa
1288 3560 1687 3612 collocaverit.
1755 3558 1794 3625 ⁶²)
1822 3560 1973 3612 Pvlin.
2013 3561 2047 3612 l.
2089 3576 2165 3622 c.;
2207 3562 2423 3623 causis,
2464 3577 2614 3628 quas
2640 3561 2813 3615 modo

474 3653 666 3719 attuli,
707 3648 989 3718 adducor,
1029 3656 1097 3703 ut
1136 3666 1171 3702 a
1209 3650 1399 3702 Paulo
1441 3666 1557 3702 cos.
1600 3665 1650 3702 a.
1693 3653 1984 3700 586=168
2025 3680 2090 3686 —
2132 3650 2205 3704 de
2245 3650 2361 3702 alio
2402 3651 2657 3719 cogitari
2697 3667 2816 3704 non

472 3746 667 3811 potest
709 3771 771 3777 —
813 3756 949 3793 cum
989 3741 1171 3793 Perse
1210 3739 1472 3792 bellante
1510 3743 1719 3791 votum
1759 3754 1889 3792 esse
1940 3740 2227 3807 templum
2268 3740 2633 3807 existime1n3
2683 3756 2815 3792 con-

369 3849 387 3862 *
450 3836 772 3884 *secratum
802 3835 890 3883 est
915 3835 1048 3898 post
1077 3845 1129 3882 a.
1172 3832 1493 3889 587=1673
1535 3828 1695 3896 quod
1721 3828 1929 3881 Livius
1967 3833 2172 3880 votum
2214 3829 2449 3881 silentio
2488 3830 2814 3898 praeteriit,

473 3937 592 3973 non
634 3926 722 3973 est
749 3921 983 3987 mirum,
1023 3920 1306 3988 quoniam
1345 3935 1466 3971 non
1504 3934 1640 3970 raro
1680 3924 1807 3970 tum
1837 3919 2076 3971 demum
2115 3920 2238 3971 voti
2265 3920 2629 3972 mentionem
2657 3921 2815 3987 facit,

475 4028 609 4063 cum
668 4010 1104 4062 dedicationem
1162 4013 1601 4061 commemorat.
1689 4007 1728 4072 3)
1778 4008 1934 4060 Plut.
1986 4008 2130 4077 Mar.
2180 4011 2245 4057 26
2304 4007 2453 4060 Ρ1111.
2507 4009 2543 4060 l.
2599 4025 2645 4061 c.
2697 4008 2817 4063 Cic.

473 4100 638 4154 Verr.
687 4099 766 4152 IV
810 4102 908 4149 126
950 4098 1023 4150 (10
1063 4098 1214 4150 (10111.
1260 4100 1374 4148 102.
1420 4100 1537 4149 104.
1581 4100 1710 4165 137,
1751 4113 1805 4165 p.
1847 4096 2005 4150 Cael.
2048 4101 2112 4149 78
2154 4098 2230 4149 ad
2271 4097 2448 4150 Attic.
2490 4098 2567 4151 IV
2609 4103 2657 4150 2,
2698 4102 2746 4149 3.

617 4192 702 4241 66.
756 4188 794 4255 l)
833 4188 1067 4243 Becker
1111 4191 1213 4239 482
1261 4188 1489 4241 Preller
1540 4187 1597 4239 II
1644 4190 1745 4239 256
1798 4187 2028 4241 Jordan
2080 4188 2105 4239 Ι
2158 4191 2207 4240 2.
2248 4192 2349 4240 486
2397 4187 2695 4258 Steuding
2723 4203 2815 4258 ap.

474 4276 758 4335 Roscher.
810 4279 884 4333 M.
923 4279 1015 4334 W.
1071 4282 1206 4331 1473
1258 4294 1342 4348 sq.
1436 4277 1476 4344 2)
1515 4277 1631 4331 Dio
1677 4277 1791 4348 frg.
1845 4280 1910 4330 76
1951 4277 2236 4345 (Bekker)
2291 4277 2408 4333 Cic.
2448 4277 2611 4332 Verr.
2659 4278 2740 4331 IV
2787 4283 2818 4330 4
