3057 4850
1140 326 1542 391 -7-

162 520 578 600 ferebatur,
628 522 865 583 statua
899 518 971 584 C.
1009 518 1365 585 Caeciliae
1400 518 1864 605 (Tanaquilis)
1885 525 1935 605 ⁴)
1985 521 2182 586 cuius
2224 540 2313 586 ex
2361 539 2543 588 zona

164 627 679 710 periclitantes
727 632 1052 690 ramenta
1076 632 1399 690 sumunt.
1425 632 1472 710 ⁵)

372 740 440 802 8.
535 734 767 797 Aedes
817 734 1161 816 Apollinis
1212 735 1303 799 ad
1352 735 1708 799 theatrum
1769 734 2088 800 Marcelli
2108 740 2156 818 1)
2204 754 2295 799 ex
2345 735 2541 800 libris

168 842 552 923 Sibyllinis
629 860 757 923 pro
832 842 1244 906 valetudine
1306 842 1550 924 populi
1625 846 1799 905 vota
1876 861 1937 905 a.
2013 848 2363 909 321=433
2388 847 2435 926 2)
2499 862 2544 906 a

170 948 254 1014 C.
298 948 666 1040 Julioncos.
704 948 929 1013 dedic.
982 968 1044 1012 a.
1082 951 1423 1015 323=431
1458 954 1505 1031 ³)
1557 968 1617 1012 a.
1657 948 1877 1037 (LIX.
1929 948 2071 1012 kal.
2108 948 2538 1032 Oct.=Sept.

174 1063 268 1123 23
295 1062 348 1139 4)
398 1057 671 1120 refecta
728 1076 789 1119 a.
845 1062 1267 1139 401=353⁵)
1336 1077 1397 1120 a.
1450 1056 1523 1122 C.
1575 1057 1770 1122 Sosio
1838 1075 1978 1121 cos.
2042 1076 2104 1120 a.
2167 1061 2471 1124 722=32
2494 1062 2542 1139 6)

172 1163 747 1246 supplicationes
781 1164 1018 1228 factae
1068 1183 1129 1227 a.
1168 1170 1517 1231 5462208
1554 1170 1625 1228 et
1659 1170 1738 1231 57
1748 1170 1961 1230 8:17
1971 1170 2007 1231 6
2030 1168 2074 1247 7)
2107 1164 2544 1228 lectisternia

173 1271 438 1335 habita
510 1288 571 1334 a.
657 1276 1007 1337 355--399
1081 1274 1151 1334 et
1231 1273 1578 1337 537=217
1603 1275 1651 1353 8)
1731 1270 2116 1335 decemviri
2195 1270 2543 1334 antistites

176 1377 627 1460 Apollinaris
701 1378 887 1441 sacri
909 1383 957 1459 ⁹)
1031 1377 1175 1440 ludi
1242 1376 1690 1460 Apollinares
1766 1396 1854 1441 ex
1920 1377 2117 1441 libris
2187 1377 2543 1458 Sibyllinis

180 1484 498 1549 instituti
546 1484 889 1548 suadente
926 1484 1248 1549 Cornelio
1297 1484 1476 1547 Rufo
1527 1484 1930 1548 decemviro
1959 1489 2034 1567 10)
2084 1484 2156 1546 in
2189 1484 2296 1548 his
2330 1503 2543 1567 popu-

179 1593 300 1656 lus
350 1593 717 1655 laureatus
765 1593 1139 1673 spectabat
1191 1592 1371 1673 stipe
1422 1592 1593 1655 data
1639 1610 1766 1673 pro
1826 1592 2164 1672 cuiusque
2213 1592 2544 1674 copia-1¹)

372 1705 441 1766 9.
539 1699 769 1762 Aedes
806 1699 1051 1762 Matris
1092 1699 1406 1762 Matutae
1455 1700 1524 1762 in
1560 1699 1711 1762 foro
1762 1699 2003 1762 boario
2032 1703 2085 1781 1)
2127 1717 2189 1761 a.
2216 1698 2305 1761 M.
2332 1697 2543 1762 Furio

185 1807 494 1872 Camillo
565 1806 728 1869 dict.
780 1807 965 1870 bello
1029 1807 1099 1868 in
1148 1806 1480 1870 Veientes
1528 1810 1727 1887 gesto
1790 1809 1961 1869 vota
2009 1825 2071 1869 a.
2124 1811 2472 1873 358=396
2498 1812 2546 1889 ²)

340 1973 390 2021 8.
434 1969 473 2032 ¹)
512 1966 747 2021 Becker
787 1972 890 2019 605
929 1968 1156 2021 Preller
1196 1968 1222 2021 I
1263 1971 1365 2019 303
1403 1967 1709 2036 Marqardt
1749 1970 1882 2035 3593
1936 1971 2038 2020 384
2076 1966 2308 2021 Jordan
2346 1968 2403 2020 II
2443 1971 2545 2019 265

190 2060 406 2113 Herm.
428 2058 566 2111 XIV
608 2061 708 2110 578
739 2055 1007 2112 Roscher
1045 2058 1215 2111 M.W.
1255 2062 1357 2109 446
1397 2058 1464 2111 R.
1492 2057 1762 2111 Hecker:
1802 2058 1876 2111 de
1915 2057 2211 2128 Apollinis
2250 2058 2411 2127 apud
2437 2058 2547 2111 Ro-

184 2164 405 2202 manos
459 2148 646 2215 cultu,
702 2147 838 2200 diss.
877 2146 1038 2216 Lips.
1095 2150 1246 2199 1879.
1335 2147 1377 2211 ²)
1414 2146 1544 2199 Liv.
1597 2147 1677 2201 IV
1717 2150 1802 2214 25,
1843 2151 1892 2199 3.
1980 2148 2021 2212 ³)
2061 2146 2189 2201 Liv.
2242 2146 2321 2201 IV
2361 2150 2446 2215 29,
2500 2151 2546 2199 7.

184 2238 231 2303 ⁴)
285 2239 419 2290 fast.
487 2235 630 2289 Arv.
683 2236 760 2289 ad
821 2235 982 2306 Sept.
1034 2240 1100 2287 23
1151 2236 1429 2301 He-nzen:
1496 2242 1609 2289 act.
1674 2237 1838 2291 fratr.
1901 2236 2104 2290 Arval.
2166 2235 2547 2291 CCXXXVII

188 2328 234 2391 ⁵)
275 2325 407 2380 Liv.
446 2326 560 2380 VII
600 2328 684 2393 20,
726 2330 783 2391 93
825 2341 894 2378 eo
933 2341 1092 2378 anno
1132 2342 1253 2378 non
1291 2342 1511 2380 novam
1551 2331 1955 2379 constructam
1994 2340 2124 2380 esse
2164 2326 2375 2379 aedem
2414 2342 2549 2379 con·

193 2415 388 2483 cedet,
430 2417 551 2485 qui,
591 2431 749 2484 quae
772 2414 1068 2469 Asconius
1094 2433 1149 2485 p.
1181 2419 1242 2468 81
1270 2415 1363 2480 (K.
1387 2420 1445 2470 et
1466 2414 1546 2482 S.)
1576 2416 1756 2469 adicit
1784 2416 1860 2470 ad
1887 2415 2197 2480 Ciceronis*
2218 2416 2549 2469 orationem

191 2509 257 2559 in
296 2510 422 2575 tog.
458 2505 651 2572 cand.,
692 2509 923 2558 attente
961 2507 1204 2576 legerit:
1256 2505 1630 2560 admonendi
1670 2505 1813 2559 estis
1857 2522 1982 2560 non
2020 2507 2175 2559 hanc
2217 2503 2549 2574 (Apollinis

201 2597 415 2649 aedem
453 2594 521 2648 in
560 2593 831 2662 Palatio)
871 2612 909 2646 a
940 2594 1222 2649 Cicerone
1261 2594 1611 2665 siqnificari
1647 2598 1854 2663 utpote
1894 2611 2079 2664 quam
2108 2597 2255 2663 post
2291 2597 2550 2648 mortem

194 2683 382 2738 etiam
407 2682 717 2738 Ciceronis
735 2683 949 2738 multis
976 2683 1160 2738 annis
1180 2684 1541 2754 imperator,
1570 2702 1755 2753 quam
1780 2701 1943 2739 nunc
1971 2683 2186 2739 divum
2207 2685 2550 2755 Auqustum

197 2771 463 2828 dicimus
511 2776 651 2841 post
712 2772 1020 2827 Actiacam
1072 2774 1398 2828 victoriam
1447 2774 1700 2843 fecerit.-
1750 2777 1856 2829 secl
1909 2774 2084 2830 illam
2132 2773 2551 2829 demonstrari

198 2877 351 2931 quae
380 2864 467 2915 est
494 2865 674 2915 eastra
694 2866 951 2931 portam
983 2864 1427 2918 Carmentalem
1454 2864 1620 2918 inter
1645 2864 1860 2933 forum
1882 2864 2198 2919 olitorium
2237 2868 2293 2919 et
2318 2863 2550 2919 circum

198 2949 584 3005 Flaminium
599 2968 620 3018 ,·
684 2970 751 3006 ea
817 2952 978 3006 enim
1029 2954 1158 3006 sola
1213 2956 1341 3007 tum
1408 2955 1652 3008 demum
1705 2956 1930 3008 Romae
1984 2953 2290 3023 Apollinis
2354 2955 2549 3008 aedes.

200 3043 242 3106 ⁶)
283 3041 434 3094 Plin.
463 3038 523 3095 h.
550 3059 606 3094 n.
639 3041 785 3094 XIII
815 3045 881 3092 53
908 3041 1162 3095 XXXVI
1203 3045 1268 3094 28
1307 3042 1539 3096 Jordan
1565 3043 1766 3097 Herm.
1794 3043 1881 3097 IX
1907 3047 2027 3096 342.
2087 3044 2127 3111 ⁷)
2166 3043 2295 3098 Liv.
2324 3043 2552 3098 XXVII

200 3134 285 3198 23,
328 3133 385 3197 73
429 3130 679 3184 dubium
717 3147 838 3184 non
878 3136 984 3199 est,
1025 3134 1188 3200 quin,
1229 3134 1338 3186 etsi
1368 3132 1703 3202 Appollinis
1724 3149 1942 3188 nomen
1980 3150 2101 3187 non
2140 3133 2458 3198 indicatur,
2499 3135 2553 3186 ei

203 3226 408 3273 tamen
457 3220 801 3289 pestilentia
859 3222 1073 3276 urbem
1112 3226 1419 3290 premente
1459 3222 1816 3292 supplicatio
1856 3223 2017 3276 facta
2055 3225 2147 3292 sit,
2198 3224 2552 3293 praesertim

201 3326 337 3363 cum
375 3310 558 3377 paulo
598 3315 731 3379 post
771 3311 981 3363 eadem
1021 3326 1097 3364 ex
1137 3327 1323 3364 causa
1360 3313 1423 3366 in
1460 3317 1824 3381 perpetuum
1863 3313 1988 3365 ludi
2036 3314 2099 3366 in
2137 3317 2356 3366 statam
2395 3311 2553 3365 diem

201 3402 554 3453 voveantur.
594 3398 743 3464 (Liv.
773 3398 910 3452 XLI
942 3403 1023 3468 17,
1063 3402 1135 3466 4),
1175 3401 1644 3470 supplicantium
1683 3416 1937 3471 pompae
1965 3403 2041 3456 ab
2069 3401 2361 3471 Apollinis
2402 3400 2552 3453 aede

202 3488 508 3540 ducuntur
561 3487 712 3553 (Liv.
767 3488 993 3542 XXVII
1035 3493 1118 3556 37,
1171 3489 1282 3554 II);
1324 3505 1527 3542 omnes
1579 3487 2061 3557 supplicationes
2112 3492 2291 3558 atque
2346 3487 2553 3542 omnia

203 3575 593 3641 lectisternia,
647 3579 729 3630 ait
769 3578 1010 3631 Hecker
1049 3579 1085 3630 l.
1126 3594 1175 3630 c.
1215 3594 1270 3648 p.
1311 3581 1423 3644 27.;
1463 3576 1846 3631 carminibus
1887 3576 2209 3649 Sibyllinis
2260 3593 2550 3632 commen-

209 3668 355 3721 data
396 3669 452 3720 et
490 3684 527 3719 a
580 3665 933 3720 custodibus
986 3671 1165 3736 atque
1204 3666 1649 3735 interpretibus
1696 3668 1916 3721 horum
1955 3666 2303 3722 carminum
2354 3666 2550 3722 admi-

203 3756 472 3812 nistrata
512 3757 578 3811 in
616 3759 903 3811 honorem
935 3756 1274 3826 praecipue
1302 3756 1609 3826 Apollinis
1646 3760 1791 3811 sunt
1828 3756 2056 3812 habita.
2150 3757 2191 3823 ⁸)
2229 3756 2361 3810 Liv.
2387 3757 2438 3811 V
2469 3761 2551 3825 13,

207 3851 253 3901 5.
291 3851 321 3898 6
360 3846 536 3901 Dion.
574 3847 692 3901 XII
732 3851 780 3899 9.
818 3847 948 3900 Liv.
988 3848 1163 3901 XXII
1206 3851 1287 3916 10,
1328 3852 1376 3900 9.
1451 3848 1492 3914 ⁹)
1532 3848 1662 3901 Liv.
1702 3848 1759 3901 X
1797 3852 1846 3916 8,
1886 3851 1916 3899 2
1956 3846 2077 3901 Jul.
2117 3846 2253 3901 obs.
2298 3851 2395 3899 107
2423 3846 2552 3900 Val.

204 3937 355 3994 Max.
384 3937 411 3989 I
443 3941 488 4005 1,
519 3941 563 3989 1.
625 3938 688 4003 ¹⁰)
727 3937 855 3990 Liv.
884 3937 1050 3990 XXV
1080 3940 1143 3988 12
1171 3938 1429 3992 Macrob.
1458 3937 1515 3993 S.
1545 3938 1572 3990 I
1601 3941 1684 4006 17,
1714 3941 1797 3990 27.
1859 3937 1921 4004 ¹¹)
1943 3934 2099 3990 Fest.
2123 3952 2213 4007 ep.
2234 3954 2287 4007 p.
2312 3940 2396 3989 23.

346 4030 394 4079 9.
437 4026 478 4089 ¹)
528 4027 763 4080 Becker
802 4030 904 4077 482
955 4027 1183 4081 Preller
1221 4027 1249 4079 I
1290 4031 1391 4079 322
1444 4027 1674 4081 Jordan
1713 4027 1740 4079 I
1780 4030 1829 4095 2,
1877 4030 1981 4078 484
2031 4026 2381 4095 Marquardt
2434 4028 2553 4079 577.

206 4117 246 4183 ’)
271 4115 399 4170 Liv.
439 4116 490 4171 V
522 4120 603 4185 19,
643 4121 673 4168 6
714 4121 1022 4171 exstructa
1062 4132 1192 4171 esse
1232 4118 1450 4171 dicitur
1489 4133 1526 4170 a
1565 4116 1772 4181 Servio
1800 4115 2017 4170 Tullio.
2074 4116 2116 4182 ³)
2143 4114 2272 4169 Liv.
2298 4115 2350 4169 V
2378 4118 2462 4184 23,
2505 4118 2552 4167 7.

204 4206 245 4274 ⁴)
283 4207 400 4260 fast
446 4197 719 4261 Ven.<ad
767 4206 908 4260 Jun.
960 4211 1022 4258 11
1065 4206 1127 4262 C.
1167 4207 1212 4260 Ι.
1249 4206 1316 4260 L.
1357 4206 1383 4259 I
1431 4224 1486 4277 p.
1527 4210 1631 4258 395
1679 4205 1784 4261 Ov.
1833 4207 1870 4260 f.
1912 4204 1971 4259 II
2010 4209 2113 4258 473
2161 4205 2318 4259 Fest.
2367 4220 2458 4274 ep.
2497 4220 2554 4274 p.

212 4300 328 4350 125.
405 4296 449 4361 ⁵)
484 4295 613 4355 Liv.
654 4295 851 4349 XXIV
891 4299 974 4364 47,
1017 4299 1098 4348 15.
1174 4297 1215 4361 6)
1252 4295 1383 4348 Liv.
1424 4297 1589 4352 XXV
1631 4300 1678 4364 7,
1719 4300 1766 4348 6.
