3057 4850
765 516 884 580 26.
978 511 1210 575 Aedes
1261 510 1473 575 Consi
1518 511 1589 574 in
1632 510 1985 574 Aventino
2009 514 2054 594 1)
2104 529 2148 573 a
2193 510 2269 574 L.
2313 510 2594 591 Papirio
2637 509 2946 577 Cursore

586 638 726 683 cos
775 625 947 683 vota
995 638 1057 683 a.
1109 624 1533 701 482=2722)
1583 617 1806 683 dedic.
1858 637 1919 681 a.
1972 617 2035 680 d.
2085 617 2222 680 XII
2270 617 2412 682 kal.
2471 617 2941 701 Sept.=Aug.

586 730 738 808 213)
803 727 893 790 ab
961 726 1278 807 Augusto
1348 725 1574 789 dedic.
1642 727 1802 806 post
1864 743 1927 788 a.
2001 730 2255 791 760=7
2324 742 2390 806 p.
2461 723 2532 788 C.
2596 726 2774 807 prid.
2844 729 2940 793 id.

581 832 1018 899 Dec.=Dec.
1079 836 1176 899 12.
1198 837 1248 917 4)
1777 816 1778 821 ἵ

761 962 876 1026 27.
969 958 1201 1022 Aedes
1250 956 1553 1021 Telluris
1618 957 1691 1019 in
1740 957 2014 1022 Carinis
2040 961 2086 1041 1)
2150 957 2310 1020 dum
2369 959 2714 1040 proelium
2774 979 2939 1025 cum

579 1064 984 1129 Picentibus
1055 1063 1532 1145 committitur,
1597 1081 1849 1146 campo
1908 1068 2253 1128 tremente
2303 1084 2347 1128 a
2394 1064 2471 1128 T.
2521 1065 2939 1148 Sempronio

579 1171 812 1253 Sopho
862 1189 1001 1236 cos.
1067 1174 1239 1234 vota
1287 1189 1348 1233 a.
1400 1174 1819 1253 486=2682)
1869 1170 2092 1235 dedic.
2145 1171 2234 1235 id.
2285 1171 2723 1238 Dec.=Dec.
2780 1180 2860 1241 13
2890 1179 2940 1259 3)

578 1280 984 1345 sacrificant
1033 1277 1209 1342 deae
1258 1277 1657 1342 flaminicae
1707 1281 1777 1341 et
1827 1278 2113 1361 aedileS,
2163 1280 2601 1345 lectisternia
2632 1281 2940 1363 Augusti

579 1386 1011 1468 temporibus
1059 1390 1130 1449 et
1176 1391 1426 1468 postea
1472 1385 1815 1469 habita.4)

757 1518 875 1581 28.
969 1511 1200 1575 Aedes
1270 1511 1457 1575 Palis
1519 1512 1707 1575 bello
1772 1530 1933 1575 cum
2003 1499 2409 1577 Sallentinis
2475 1519 2673 1595 gesto
2739 1534 2784 1578 a
2840 1516 2933 1579 M.

577 1620 790 1684 Atilio
838 1618 1107 1700 Regulo
1157 1636 1296 1683 cos.
1333 1624 1505 1682 vota
1556 1637 1618 1681 a.
1670 1624 2092 1701 487=2672)
2144 1619 2367 1684 dedic.
2421 1639 2481 1684 a.
2537 1620 2599 1685 d.
2649 1622 2753 1684 XI
2787 1623 2935 1687 kal.

577 1725 1001 1807 Mai.=Apr.
1054 1728 1223 1808 21.3)

719 2016 802 2064 26.
848 2013 885 2078 ¹)
937 2013 1170 2066 Becker
1243 2014 1347 2063 450
1420 2011 1679 2065 Jordan:
1756 2011 1829 2065 (16
1902 2012 2218 2066 Vortumni
2282 2018 2341 2067 et
2416 2013 2592 2069 Consi
2669 2014 2925 2069 aedibus

575 2103 1086 2157 Aventinensibus
1151 2099 1746 2167 (Gratulationsschr.
1800 2103 1853 2155 d.
1905 2102 2244 2172 Konigsbg.
2309 2103 2486 2158 Univ.
2535 2121 2583 2155 z.
2650 2102 2927 2174 50jahrg.

575 2193 758 2246 Jubil.
789 2193 842 2245 d.
872 2191 1050 2246 Arch.
1092 2193 1236 2245 Inst.
1276 2193 1337 2244 in
1376 2192 1543 2245 Rom.
1585 2192 1924 2261 Konigsbg.
1968 2195 2143 2257 1879).
2183 2192 2475 2246 Wissowa
2514 2209 2607 2262 ap.
2636 2192 2924 2248 Roscher.

577 2283 651 2335 Μ.
690 2282 782 2335 W.
835 2284 954 2333 925.
1030 2282 1071 2347 2)
1110 2281 1268 2334 Fest.
1320 2298 1375 2350 p.
1416 2284 1547 2343 2093
1601 2297 1653 2333 a.
1707 2286 1814 2334 aut
1865 2284 2159 2333 461=293
2209 2285 2315 2334 aut
2366 2284 2661 2332 482=272
2714 2283 2927 2336 aedem

576 2376 778 2424 votam
831 2386 961 2424 esse
1013 2376 1180 2423 ratus
1230 2370 1537 2424 Joldanus
1588 2387 1710 2424 non
1761 2373 2026 2441 lespexit
2076 2371 2315 2424 Livium
2354 2370 2409 2422 X
2458 2374 2542 2440 46,
2585 2374 2632 2442 7,
2688 2373 2789 2441 qui
2842 2374 2931 2427 ita

577 2463 809 2515 scribit.
867 2453 1077 2515 aedebn
1119 2459 1365 2523 Quirini
1413 2460 1724 2515 dedicavit
1765 2462 1858 2530 (L.
1900 2459 2201 2529 Papirius
2237 2435 2474 2515 Cursor
2512 2477 2610 2515 cos
2615 2461 2693 2529 .;)
2745 2479 2933 2530 quam

578 2550 647 2604 in
684 2549 825 2618 ipsa
864 2549 1255 2604 dimicatione
1313 2553 1514 2603 totam
1552 2553 1725 2619 apud
1762 2550 2065 2606 neminem
2109 2554 2364 2605 veterem
2402 2554 2716 2605 auctorem
2767 2551 2932 2606 inte-

577 2639 698 2693 ni0.
755 2640 1013 2708 Livium,
1054 2657 1189 2694 cum
1217 2638 1333 2694 hoc
1371 2642 1499 2709 ipso
1540 2642 1669 2694 loco
1699 2643 2042 2695 accuratius
2069 2642 2264 2694 fontes
2299 2646 2698 2709 percenseret,
2739 2642 2922 2695 aliam

581 2731 792 2783 aedem
832 2730 1155 2784 Samnitico
1208 2731 1364 2783 bello
1412 2735 1615 2784 votam
1668 2747 1801 2785 esse
1841 2747 1877 2784 a
1916 2732 2162 2785 consule
2200 2732 2248 2784 si
2288 2732 2633 2799 invenisset,
2689 2732 2927 2785 silentio

580 2836 701 2873 non
722 2821 1189 2889 praeteriturum
1210 2821 1395 2873 fuisse
1416 2821 1593 2874 facile
1614 2821 1725 2873 sibi
1748 2822 2003 2889 quisque
2023 2820 2438 2889 persuadebit3
2480 2820 2619 2873 inde
2642 2823 2933 2891 sequitur,

581 2914 650 2962 ut
676 2910 956 2978 Papirius
982 2910 1199 2962 iterum
1227 2910 1435 2963 consul
1463 2915 1671 2963 votum
1699 2911 1925 2978 fecerit,
1964 2925 2161 2977 neque
2190 2911 2488 2963 artissima
2514 2911 2618 2963 illa
2646 2916 2932 2980 quattuor

582 3001 899 3052 numinum
926 3000 1316 3067 pastoralium
1345 2998 1541 3067 Consi,
1569 2999 1844 3066 Telluris,
1872 2999 2049 3066 Palis,
2088 2999 2402 3052 Vortumni
2431 3001 2685 3054 societas
2715 3001 2936 3054 disiun-

584 3093 783 3158 gatur.
860 3089 901 3153 ³)
941 3090 1074 3141 fast.
1112 3088 1263 3141 Vall.
1305 3089 1382 3141 ad
1419 3086 1581 3157 Aug.
1623 3092 1685 3139 21
1730 3088 1791 3142 C.
1831 3089 1875 3140 Ι.
1913 3088 1979 3141 L.
2020 3088 2048 3141 Ι
2086 3106 2141 3157 p.
2183 3092 2302 3139 399.
2377 3089 2421 3154 4)
2460 3091 2594 3142 fast.
2635 3090 2813 3144 Amit.
2854 3091 2932 3144 ad

584 3178 730 3231 Dec.
782 3180 844 3228 12
886 3176 947 3231 C.
988 3177 1030 3229 Ι
1070 3177 1136 3230 L.
1177 3177 1203 3230 Ι
1243 3194 1297 3246 p.
1338 3182 1470 3245 4083
1524 3178 1598 3232 de
1650 3178 1899 3231 diversis
1952 3178 2163 3231 diebus
2212 3179 2511 3232 nataliciis
2564 3180 2702 3233 vide
2742 3197 2829 3249 cp.
2869 3180 2928 3232 ΙΙ

588 3265 646 3321 h.
687 3268 824 3320 diss.

732 3378 815 3426 27.
861 3375 897 3438 ¹)
948 3374 1182 3427 Becker
1233 3376 1335 3424 524
1386 3373 1614 3427 Preller
1662 3373 1718 3426 ΙΙ
1772 3379 1802 3426 3
1855 3319 2205 3443 Marquardt
2253 3378 2354 3427 216
2406 3375 2638 3430 Jordan
2689 3376 2745 3428 ΙΙ
2797 3380 2929 3444 488;

587 3465 921 3518 Joldanum
964 3447 1272 3528 (Prellerl.
1302 3480 1349 3515 c.
1379 3479 1430 3516 a.
1459 3464 1511 3528 6)
1540 3465 2033 3533 interrogantem,
2073 3481 2219 3518 num
2258 3467 2411 3519 forte
2450 3466 2629 3519 aedes
2668 3466 2928 3519 rotunda

589 3557 786 3622 fuerit,
827 3554 1112 3623 effugisse
1152 3554 1360 3622 opinor
1410 3554 1470 3606 in
1511 3568 1586 3605 ea
1624 3550 1834 3606 haberi
1888 3559 2134 3607 senatus
2175 3554 2316 3618 (Cic.
2357 3553 2510 3609 Phil.
2551 3555 2577 3606 I
2618 3559 2679 3605 31
2724 3555 2783 3606 ΙΙ
2822 3558 2929 3624 89),

591 3646 692 3713 qui
732 3644 1116 3712 inauguratis
1169 3642 1342 3695 modo
1382 3644 1445 3695 in
1483 3644 1719 3711 templis
1772 3640 1887 3696 hoc
1928 3649 2016 3697 est
2056 3645 2320 3714 oblonga
2369 3646 2560 3697 forma
2600 3644 2927 3700 aedificatis

590 3733 802 3788 haberi
842 3734 1008 3786 solet.
1094 3731 1133 3797 ²)
1174 3731 1328 3784 Flor.
1370 3732 1395 3784 Ι
1439 3736 1501 3783 19
1552 3733 1684 3785 fast.
1736 3731 2019 3802 triumph.
2061 3733 2121 3787 C.
2164 3733 2206 3785 I.
2245 3733 2311 3785 L.
2352 3734 2377 3786 I
2416 3750 2471 3802 p.
2512 3736 2631 3784 457.
2716 3734 2757 3798 ³)
2797 3736 2928 3788 fast.

592 3825 804 3877 Praen.
845 3823 982 3876 Ant.
1034 3823 1112 3875 ad
1149 3822 1293 3875 Dec.
1336 3827 1399 3873 13
1440 3822 1500 3877 C.
1542 3823 1587 3874 Ι.
1625 3822 1690 3874 L.
1733 3822 1758 3874 I
1797 3840 1851 3892 p.
1891 3827 1994 3874 408
2049 3825 2133 3887 (in
2172 3825 2596 3876 commentario
2646 3824 2794 3878 falso
2834 3841 2929 3878 ex-

591 3920 709 3968 stat
748 3915 880 3966 fast.
921 3912 1121 3977 Amit.)
1196 3912 1238 3977 4)
1279 3913 1395 3964 fast
1434 3912 1647 3965 Praen.
1687 3913 1935 3966 Tertull.
1977 3914 2049 3967 de
2089 3914 2225 3966 idol.
2270 3917 2334 3963 10
2374 3912 2596 3966 Arnob.
2640 3913 2746 3967 VII
2787 3916 2869 3965 32.

735 4024 818 4070 28.
862 4020 898 4084 ¹)
953 4020 1179 4072 Preller
1219 4019 1245 4070 Ι
1293 4022 1396 4069 414
1447 4019 1677 4073 Jordan
1729 4018 1879 4088 Eph.
1931 4036 2022 4088 ep.
2063 4020 2089 4071 Ι
2140 4037 2194 4088 p.
2248 4023 2347 4070 336
2397 4020 2745 4089 Marquardt
2798 4025 2927 4079 207:

590 4112 693 4163 ubi
722 4109 921 4162 sedem
951 4108 1064 4161 dea
1091 4107 1389 4176 habuerit,
1429 4124 1566 4162 cum
1594 4111 1933 4162 testimonia
1961 4110 2170 4176 desint,
2210 4110 2270 4161 in
2298 4110 2492 4174 medio
2520 4110 2929 4179 relinquamus

591 4203 840 4270 oportet.
898 4199 939 4264 2)
967 4198 1122 4252 Flor.
1164 4199 1189 4250 Ι
1218 4201 1285 4249 20
1324 4200 1457 4251 fast.
1483 4196 1768 4269 triumph.
1798 4198 1858 4252 C.
1887 4199 1931 4250 Ι.
1957 4197 2024 4250 L.
2053 4198 2080 4249 Ι
2106 4214 2161 4267 p.
2190 4200 2310 4249 457.
2372 4196 2411 4265 3)
2434 4198 2508 4252 (16
2530 4199 2626 4252 die
2647 4201 2926 4256 natalicio

590 4290 727 4343 vide
768 4305 857 4358 cp.
898 4288 955 4340 II
995 4286 1053 4342 h.
1096 4288 1234 4342 diss.
1821 4323 1824 4326 >
