3057 4850
1153 309 1602 375 ...41-

202 502 601 586 contulerit,
653 501 997 569 concedet
1047 509 1384 586 tempore,
1438 504 1524 567 de
1575 521 1712 584 quo
1770 502 1972 567 nobis
2021 501 2376 585 agendum
2424 506 2549 586 est,

201 610 469 674 Romae
517 629 747 692 neque
797 611 1013 674 ullam
1077 611 1292 673 fuisse
1350 609 1601 674 aedem
1651 609 1821 692 Opis
1870 616 1941 674 et
1987 610 2271 675 Saturni
2321 629 2551 694 neque

203 718 339 799 Opi
402 736 556 781 esse
621 718 711 780 ad
772 717 1057 782 Saturni
1122 716 1578 780 immolatum.
1605 722 1651 799 1)
1754 717 2000 781 Restat
2056 723 2131 780 ut
2198 718 2284 781 de
2347 736 2552 811 sacro

206 825 335 909 Opi
403 824 783 910 Opiferffle)
842 826 933 897 eid
983 834 1208 897 lacum
1258 833 1599 897 Juturnae
1834 832 2217 897 Mommsen
2252 827 2544 898 Henzefi

988 941 1061 1003 in
1116 938 1450 1023 Capitolio
2053 940 2325 1004 Jordan

202 1057 277 1120 in
323 1057 525 1120 fastis
574 1056 742 1119 Arv.
810 1057 900 1119 ad
948 1056 1125 1137 Aug.
1178 1062 1261 1123 23
1312 1057 1671 1138 adscripto
1735 1057 1983 1138 paucis
2033 1057 2349 1139 dicatur;
2416 1077 2552 1140 quo

204 1164 317 1227 die
364 1166 653 1244 praeter
702 1163 921 1244 Opem
957 1163 1433 1227 sacrificatur:
1498 1164 1789 1227 Volcano
1840 1165 1934 1249 [in
1983 1165 2159 1227 circo
2209 1166 2554 1229 Flaminio

205 1270 547 1334 Juturnae
604 1277 665 1332 et
707 1270 1067 1355 Nympffiis
1126 1272 1196 1333 in
1257 1276 1495 1354 campo
1548 1320 1829 1333 .....
1884 1269 2221 1355 Quir(ino)
2271 1273 2342 1336 in
2391 1274 2554 1336 colle

218 1377 570 1460 Volk(a>n0)
603 1378 675 1439 in
709 1378 1066 1461 comit(i0);
1127 1377 1252 1441 sed
1299 1378 1558 1441 nullius
1607 1378 1792 1441 diem
1840 1378 2153 1441 natalem
2204 1379 2554 1443 celebrari

202 1488 372 1565 puto
422 1483 554 1546 nisi
602 1483 931 1564 Volcani,
998 1484 1110 1548 cui
1159 1484 1435 1565 reliqua
1481 1485 1775 1548 numina
1822 1490 2310 1565 aggregantur
2358 1485 2552 1549 haud

199 1590 346 1655 scio
398 1609 489 1652 an
538 1595 938 1672 propterea,
990 1591 1177 1671 quod
1228 1590 1356 1655 diis
1392 1592 1828 1673 deabusque,
1882 1592 2000 1672 qui
2050 1592 2382 1655 incendia
2430 1597 2553 1656 aut

199 1697 516 1761 efficiunt
550 1702 672 1760 aut
706 1702 1059 1779 avertunt,
1111 1717 1194 1762 eo
1229 1700 1340 1762 die
1374 1699 1920 1781 supplicandum
1954 1716 2107 1762 esse
2144 1701 2549 1780 putabatur3

199 1822 633 1885 quamquam
685 1804 959 1886 Quirini
1008 1824 1309 1887 sacrum,
1360 1807 1417 1870 si
1467 1807 1676 1870 modo
1729 1806 2010 1869 litterae
2063 1805 2254 1869 haud
2301 1806 2551 1870 faciles

197 1911 488 1991 cognitu
556 1917 750 1975 recte
813 1913 1143 1993 leguntur
1215 1913 1552 1998 Qui-r(ino)
1614 1916 1685 1977 in
1753 1914 1936 1993 colle,
2017 1913 2314 1994 praebet
2388 1913 2556 1976 diffi-

197 2019 540 2097 cultates;
613 2019 737 2081 sed
809 2020 1293 2084 coniecturam
1361 2040 1596 2085 meam
1652 2022 2093 2102 aliquantum
2162 2022 2553 2103 confirmat,

197 2125 390 2207 quod
456 2126 525 2188 in
599 2127 854 2189 ceteris
924 2127 1123 2190 fastis
1195 2133 1264 2191 et
1328 2129 1582 2210 prioris
1654 2128 1915 2211 (Pinc.)
1999 2133 2069 2191 et
2140 2129 2554 2192 recentioris

197 2232 439 2317 (Vall.)
512 2233 767 2297 aetatis
837 2235 1106 2298 nullum
1167 2236 1300 2298 nisi
1356 2236 1656 2300 Volcani
1722 2255 2004 2300 sacrum
2072 2236 2164 2299 ad
2227 2236 2405 2317 Aug.
2470 2243 2553 2303 23

198 2339 619 2449 adnotatum
667 2340 1085 2405 invenimus,

335 2466 559 2531 Sacra
607 2466 881 2548 Quirini
929 2467 1133 2532 Febr.
1192 2476 1265 2535 17
1334 2473 1403 2532 et
1451 2470 1610 2533 Jun.
1663 2476 1746 2537 29
1805 2469 1895 2533 ad
1954 2470 2275 2534 diversas
2336 2471 2550 2534 aedes

196 2575 559 2657 pertinere
607 2577 1030 2640 monstravit
1062 2576 1331 2639 Jordan
1381 2577 1540 2658 eph.
1577 2595 1685 2658 ep.
1737 2577 1836 2640 ΠΙ
1888 2596 1952 2658 p.
2006 2583 2155 2654 238,
2208 2578 2293 2641 de
2344 2578 2551 2642 tertio

200 2682 388 2764 vide,
440 2701 621 2764 quae
671 2701 888 2764 supra
937 2683 1100 2746 dixi.

384 2815 570 2897 Quid
619 2816 705 2880 de
754 2818 975 2882 sacris
1008 2818 1363 2882 Fortunae
1395 2818 1869 2900 Primigeniae
1919 2819 2095 2882 Nov,
2150 2825 2228 2885 14
2280 2827 2350 2883 et
2382 2820 2554 2883 Her-

199 2923 381 2987 culis
429 2923 667 3004 Magni
719 2924 1039 2987 Custodis
1089 2926 1266 3005 Aug.
1323 2931 1401 2991 12
1466 2926 1675 2989 factis
1724 2928 2061 3007 cogitem,
2126 2928 2418 3008 exposui
2485 2928 2553 2990 in

199 3032 535 3110 catalogo
586 3030 739 3094 aed.
793 3037 875 3097 49
929 3051 990 3094 a.
1043 3039 1102 3111 4,
1158 3038 1237 3098 76
1289 3052 1349 3094 a.
1404 3039 1462 3097 3.
1518 3039 1578 3097 4.

384 3164 719 3228 Vediovis
785 3171 856 3229 et
920 3166 1197 3246 Agonia
1264 3185 1430 3229 num
1498 3185 1642 3248 qua
1718 3169 1990 3231 ratione
2060 3172 2553 3242 conectantm.

203 3290 367 3335 cum
429 3273 826 3336 nesciamus
895 3292 1029 3338 nec
1090 3274 1205 3354 sit,
1277 3275 1464 3355 quod
1512 3295 1796 3339 sacrum
1860 3277 1927 3340 in
1987 3278 2188 3340 fastis
2237 3278 2411 3341 Ven.
2464 3277 2555 3340 ad

203 3379 367 3442 Mai.
420 3386 494 3445 21
553 3380 867 3443 additum
916 3399 1334 3445 revocemus
1397 3383 1489 3446 ad
1558 3384 1825 3464 templa
1873 3384 1982 3447 dei
2037 3384 2107 3447 in
2157 3385 2390 3448 insula
2438 3385 2555 3448 Vel

204 3482 393 3549 inter
442 3486 614 3550 duos
656 3487 871 3568 lucOS‚
921 3488 1217 3551 Jordani
1253 3489 1736 3553 coniecturam
1770 3496 2044 3572 (comm.
2085 3491 2249 3573 phil.
2288 3492 2357 3554 in
2392 3492 2552 3556 hon.

204 3594 523 3657 Momms.
574 3613 639 3675 p.
692 3599 866 3679 361),
917 3595 1018 3657 ita
1065 3601 1442 3677 mutatam,
1509 3602 1585 3659 ut
1634 3602 1756 3659 aut
1803 3596 1987 3659 Livii
2035 3597 2306 3661 XXXV
2360 3607 2463 3681 41,
2517 3607 2554 3667 8

355 3827 393 3893 ¹)
432 3826 661 3881 Jordan
701 3827 727 3880 I
767 3830 815 3895 2,
868 3831 970 3879 365
1011 3843 1061 3880 a.
1105 3830 1170 3879 73
1219 3827 1654 3882 Mommsenum
1709 3828 1859 3900 Eph.
1900 3846 1989 3901 ep.
2031 3831 2057 3884 I
2096 3849 2149 3900 p.
2192 3836 2257 3885 37
2311 3839 2555 3888 secutus

205 3917 568 3971 sententiam
595 3918 681 3970 ita
708 3919 963 3970 mutavit
991 3922 1058 3969 ut
1086 3917 1162 3969 ad
1183 3916 1323 3987 Opis
1366 3921 1698 3972 sacrarium
1736 3922 1794 3972 in
1825 3922 1996 3990 regia
2018 3922 2226 3984 (Varro
2251 3923 2285 3974 l.
2307 3923 2342 3975 l.
2363 3923 2443 3975 VI
2467 3927 2555 3990 22)

204 4012 535 4075 utrumque
576 4023 810 4060 sacrum
833 4012 892 4060 et
913 4007 1073 4076 Aug.
1097 4010 1163 4058 25
1187 4012 1245 4076 et
1271 4007 1417 4061 Dec.
1442 4012 1505 4060 19
1528 4011 1757 4062 factum
1796 4012 2111 4078 pertineat,
2151 4012 2255 4064 sed
2294 4017 2558 4080 praeter·

205 4111 390 4166 quam
432 4096 593 4163 quod
630 4112 751 4148 non
779 4096 1172 4165 intellegitur,
1213 4113 1319 4149 cur
1345 4098 1436 4151 bis
1475 4114 1582 4166 per
1610 4114 1832 4151 annum
1875 4099 2066 4152 eidem
2096 4102 2327 4152 numini
2355 4102 2557 4155 immo-

205 4188 385 4254 letur,
424 4185 699 4239 diversae
740 4187 1211 4256 significationes
1258 4185 1327 4240 in
1363 4185 1540 4257 reyia
1591 4193 1650 4241 et
1689 4190 1772 4243 ad
1811 4187 2027 4256 forum
2065 4189 2216 4243 hanc
2258 4191 2556 4245 coniectu·

205 4292 338 4333 ram
376 4273 696 4346 repellunt.
