3057 4850
1442 357 1549 415 .-
1640 321 1904 387 22-

687 520 803 584 53.
898 515 1130 580 Aedes
1200 516 1447 581 Matris
1515 516 1822 598 Magnae
1893 517 2155 582 Idaeae
2224 516 2296 581 in
2358 518 2632 581 Palatio
2664 521 2709 602 1)
2781 521 2857 581 ut

507 622 866 686 Hannibal
916 642 1006 686 ex
1055 624 1265 687 Italia
1310 624 1716 706 pelleretur,
1776 643 1866 688 ex
1923 625 2118 688 libris
2166 624 2523 707 Sibyllinis
2571 628 2744 689 vota
2792 645 2854 689 a.

511 736 854 797 5492205
879 730 924 818 2)
974 731 1214 795 locata
1275 751 1319 795 a
1375 732 1462 795 M.
1513 731 1752 814 Livio,
1821 732 1894 797 C.
1946 732 2240 797 Claudio
2290 751 2477 797 33113.
2529 752 2591 796 a.
2645 738 2858 800 5502

509 842 637 904 204
654 841 702 921 3)
753 837 976 902 dedic.
1029 857 1073 901 a
1117 838 1205 901 M.
1251 838 1459 902 Junio
1494 839 1709 902 Bruto
1758 858 1853 903 sc.
1906 839 2275 903 duumviro
2326 859 2387 903 a.
2440 843 2856 924 56321914)

509 963 570 1007 a.
624 943 686 1007 d.
732 944 829 1007 IV
876 945 966 1008 id.
1002 945 1427 1027 Apr.=Apr.
1470 951 1550 1013 10
1573 950 1622 1030 5)
1670 947 2179 1011 lectisternium
2226 947 2545 1012 habitum
2594 951 2664 1011 et
2710 947 2859 1010 ludi

508 1051 951 1132 Megalenses
985 1052 1282 1116 instituti
1304 1056 1352 1138 6)
1386 1053 1713 1117 incendio
1749 1054 1984 1118 deleta
2032 1073 2094 1117 a.
2132 1061 2470 1121 643=111
2526 1060 2596 1118 et
2648 1060 2859 1122 7562

509 1164 546 1224 3
597 1177 665 1240 p.
716 1158 788 1223 C.
811 1161 855 1242 ⁷)
905 1159 1177 1224 refecta
1238 1161 1328 1224 ab
1377 1161 1693 1240 Augusto
1716 1163 1764 1244 8)
1825 1161 2230 1225 sacerdotes
2290 1160 2475 1226 Galli
2492 1166 2541 1247 ⁹)
2604 1162 2860 1243 stipem

509 1269 790 1346 cogunt.
819 1269 895 1350 10)
2114 1273 2118 1277 ’

688 1453 807 1516 54.
889 1448 1119 1511 Aedes
1152 1447 1557 1511 Juventatis
1604 1448 1676 1510 in
1725 1447 1915 1513 circo
1948 1448 2257 1511 maximo
2277 1452 2324 1532 l)
2372 1448 2444 1511 in
2477 1466 2720 1529 pugna
2768 1449 2860 1512 ad

509 1555 905 1620 Metaurum
974 1575 1018 1618 a
1072 1555 1161 1618 M.
1224 1554 1427 1618 Livio
1479 1554 1876 1619 Salinatore
1942 1573 2080 1621 cos.
2141 1559 2313 1618 vota
2375 1574 2437 1618 a.
2490 1546 2859 1637 5472207,

511 1664 600 1726 ab
637 1662 884 1727 eodem
920 1681 1213 1727 censore
1261 1663 1501 1727 locata
1536 1681 1598 1725 a.
1650 1668 2015 1744 5502204,
2066 1681 2110 1725 a
2142 1661 2216 1726 C.
2259 1661 2529 1726 Licinio
2562 1661 2860 1726 Lucullo

511 1770 880 1834 duumviro
931 1769 1154 1834 dedic.
1208 1758 1286 1833 a.
1341 1771 1757 1852 563==1912)
1824 1770 1970 1851 igni
2036 1787 2291 1833 eversa
2354 1789 2415 1833 a.
2488 1775 2785 1836 738=16
2811 1773 2859 1854 3)

511 1877 601 1940 ab
650 1878 967 1958 Augusto
1032 1878 1305 1941 refecta
1322 1880 1372 1960 4)
1420 1876 1932 1941 lectisternium
1987 1877 2254 1940 factum
2314 1896 2376 1939 a.
2438 1881 2781 1943 536=218
2810 1879 2859 1960 5)

509 2002 719 2048 sacra
767 1984 1278 2049 anniversaria.
1304 1987 1352 2068 6)

654 2275 738 2322 52.
782 2271 821 2337 ¹)
875 2272 1111 2325 Becker
1165 2275 1269 2323 410
1320 2272 1549 2325 Preller
1588 2271 1616 2324 Ι
1655 2274 1757 2322 266
1809 2270 2035 2324 Jordan
2065 2271 2093 2323 I
2132 2274 2182 2339 2,
2225 2274 2320 2321 111
2364 2285 2570 2324 comm.
2609 2267 2754 2338 phil.
2796 2271 2858 2322 in

511 2359 653 2416 hon.
698 2361 965 2415 Momms.
1004 2378 1060 2431 p.
1089 2364 1208 2412 361.
1286 2360 1326 2428 ²)
1364 2360 1493 2414 Liv.
1546 2360 1771 2415 XXXV
1824 2365 1908 2430 41,
1949 2364 1997 2412 8.
2074 2359 2113 2427 ³)
2152 2361 2286 2413 fast.
2313 2361 2458 2414 Ven.
2501 2360 2577 2412 ad
2613 2359 2749 2413 Mai.
2790 2363 2854 2411 21

516 2451 581 2506 C.
622 2451 665 2504 Ι.
703 2450 772 2504 L.
812 2452 839 2505 I
876 2468 932 2521 p.
974 2454 1077 2502 394
1127 2452 1199 2504 cf.
1240 2467 1328 2520 cp.
1368 2452 1427 2504 II
1465 2449 1524 2506 h.
1568 2451 1703 2505 diss,

653 2616 736 2665 53.
783 2613 820 2679 ¹)
872 2612 1106 2665 Becker
1158 2613 1256 2661 421
1312 2611 1539 2663 Preller
1579 2611 1635 2662 ΙΙ
1689 2613 1756 2661 54
1804 2602 2152 2678 Marquardt
2206 2612 2306 2660 367
2355 2607 2601 2663 Richter
2652 2610 2855 2662 Herm.

508 2701 621 2754 XX
679 2705 779 2753 407
838 2719 921 2769 sq.
980 2700 1212 2754 Gilbert
1269 2698 1481 2754 Philol.
1541 2700 1699 2754 XLV
1757 2704 1859 2751 449
1908 2716 1991 2768 sq.
2070 2698 2109 2765 ἰ’)
2147 2699 2277 2752 Liv.
2335 2699 2535 2752 XXIX
2578 2703 2659 2767 10,
2717 2704 2765 2750 4.
2807 2703 2856 2751 5.

509 2791 548 2856 3)
587 2791 716 2844 Liv.
756 2789 959 2844 XXIX
1000 2794 1082 2858 37,
1124 2794 1171 2842 3.
1245 2790 1287 2854 ⁴)
1326 2789 1454 2842 Liv.
1496 2789 1750 2843 XXXVI
1804 2793 1887 2857 36,
1928 2792 2093 2851 3—53
2132 2788 2354 2842 Junius
2395 2789 2677 2842 duumvir
2727 2795 2857 2843 erat

507 2882 661 2934 sicut
701 2881 882 2949 paulo
923 2884 1056 2949 post
1097 2878 1158 2933 C.
1196 2879 1482 2932 LiciniuS.
1560 2877 1771 2954 ³)Kfast.
1812 2878 2026 2931 Praen.
2068 2878 2144 2930 ad
2183 2877 2324 2948 Apr.
2369 2881 2433 2929 10
2469 2877 2529 2932 C.
2559 2879 2602 2931 I.
2626 2877 2694 2931 L.
2735 2878 2762 2930 Ι
2800 2896 2856 2948 p.

507 2973 605 3021 391
649 2969 755 3023 Ov.
793 2971 830 3021 f.
871 2969 951 3022 IV
1006 2961 1300 3020 179—-3'92,
1376 2955 1418 3033 ³³)
1456 2967 1585 3021 Liv.
1634 2967 1836 3020 XXIX
1879 2971 1959 3034 14,
2014 2972 2078 3018 14
2119 2966 2236 3021 Cic.
2285 2968 2359 3020 de
2397 2965 2525 3021 har.
2577 2983 2730 3036 resp.
2772 2970 2856 3019 24.

512 3058 548 3124 ⁷)
587 3059 716 3112 Val.
768 3059 924 3111 Max.
965 3058 992 3110 I
1031 3062 1080 3125 8,
1124 3062 1183 3108 11
1225 3057 1349 3110 Jul.
1402 3057 1540 3111 Obs.
1582 3062 1647 3108 99
1698 3057 1813 3110 Dio
1852 3057 1953 3110 LV
1996 3060 2077 3124 12,
2119 3060 2180 3123 33
2233 3062 2366 3125 post
2416 3056 2762 3109 incendium
2803 3072 2856 3109 a.

511 3150 799 3199 643=111
842 3151 1171 3200 renovatur
1209 3163 1245 3199 a
1284 3147 1521 3200 Metello
1564 3146 1691 3212 (Ov.
1720 3149 1758 3198 f.
1787 3147 1865 3199 IV
1896 3149 2017 3211 348)
2058 3163 2137 3198 sc.
2177 3146 2491 3198 Numidico
2533 3145 2779 3198 consule
2802 3161 2855 3197 a.

508 3239 818 3287 645=109.
895 3235 935 3301 8)
975 3252 1132 3288 111011.
1172 3235 1321 3290 Anc.
1362 3236 1440 3289 IV
1481 3240 1511 3287 8
1553 3237 1625 3288 cf.
1664 3236 2009 3288 Mommsen.
2049 3234 2272 3289 RGDA
2298 3252 2352 3304 p.
2381 3238 2443 3285 81
2489 3234 2651 3288 Suet.
2693 3235 2853 3303 Aug.

507 3329 591 3377 29.
669 3325 709 3389 ⁵³)
749 3325 924 3378 Dion.
966 3326 1023 3377 11
1067 3328 1130 3376 19
1169 3309 1298 3378 val.
1337 3325 1626 3377 Max.vn
1668 3327 1715 3391 7,
1756 3328 1785 3375 6
1828 3329 1938 3377 etc.
2019 3322 2080 3389 ¹⁰)
2121 3323 2240 3377 cie.
2290 3324 2364 3377 de
2405 3324 2521 3393 leg.
2564 3324 2621 3376 11
2662 3326 2746 3374 22.
2787 3327 2855 3374 40

507 3415 580 3468 de
620 3414 789 3468 cultu
829 3415 901 3467 cf.
941 3415 1291 3483 Marquardt
1328 3414 1364 3466 l.
1405 3430 1452 3467 c.

650 3579 734 3627 54.
779 3574 817 3640 ¹)
857 3574 1091 3627 Becker
1130 3576 1232 3624 473
1282 3572 1508 3625 Preller
1548 3572 1575 3625 I
1616 3575 1717 3623 262
1767 3572 2117 3640 Marquardt
2156 3576 2274 3624 378.
2354 3573 2392 3639 ’·’)
2431 3574 2559 3626 Liv.
2599 3573 2852 3627 XXXVI

507 3669 589 3732 36,
631 3668 678 3717 5.
733 3668 782 3716 6.
860 3663 898 3729 ³)
939 3663 1055 3716 Dio
1093 3661 1226 3715 LIV
1283 3666 1365 3730 19,
1406 3664 1454 3713 6.
1531 3660 1574 3727 ⁴)
1627 3678 1783 3714 111011.
1837 3661 1985 3715 Α113.
2036 3661 2114 3714 IV
2155 3665 2185 3712 8
2239 3663 2448 3715 aedem
2501 3661 2855 3715 amentatis

505 3755 714 3807 aedem
753 3752 984 3807 Matris
1024 3753 1289 3821 Issaynae
1328 3750 1396 3804 in
1436 3748 1678 3804 Palatio
1719 3749 1869 3817 feci3
1921 3767 2042 3804 non
2092 3758 2252 3805 recte
2294 3750 2566 3819 Zumptio
2607 3755 2854 3804 auctore

505 3844 835 3897 Prellerum
863 3844 898 3895 l.
928 3859 974 3895 e.
1004 3841 1070 3895 in
1099 3839 1341 3894 Palatio
1382 3841 1459 3893 ad
1497 3840 1707 3893 aedem
1749 3856 1989 3908 quoque
2024 3839 2061 3893 J
2067 3842 2369 3893 uventatis
2411 3856 2694 3893 revocare
2717 3842 2854 3894 ‘iam

503 3933 652 3985 vidit
691 3933 1020 3985 Mommsen
1058 3929 1280 3984 RGDA
1319 3947 1376 4000 p.
1416 3933 1514 3997 823
1557 3930 1778 3983 addere
1817 3927 1965 3983 mihi
2013 3931 2190 3982 liceat
2229 3927 2345 3983 hac
2393 3931 2627 3983 ratione
2677 3946 2854 3999 posse

509 4022 680 4088 effici,
721 4026 804 4088 ut,
859 4021 1019 4089 quod
1055 4022 1118 4072 in
1168 4036 1323 4073 mon.
1375 4018 1523 4073 Anc.
1565 4019 1644 4072 IV
1686 4022 1715 4069 5
1768 4019 1976 4071 aedem
2019 4017 2265 4080 Quirini
2316 4020 2493 4072 aede-s·
2535 4016 2853 4073 Minervae

507 4151 518 4162 .
549 4151 559 4163 .
593 4151 603 4162 .
645 4109 712 4163 in
750 4108 1045 4162 Aventino
1085 4111 1271 4163 verba
1310 4108 1377 4163 in
1416 4109 1560 4162 colle
1602 4108 1835 4176 desunt,
1876 4107 2108 4170 Quirini
2137 4109 2424 4176 templum
2465 4109 2527 4160 111
2548 4107 2852 4162 Aventino

505 4198 825 4268 Augustus
864 4200 1090 4251 fecerit.
1179 4197 1220 4264 ⁵)
1258 4198 1389 4251 Liv.
1427 4196 1573 4250 XXI
1626 4201 1711 4264 62,
1765 4201 1811 4249 9.
1888 4197 1929 4262 ⁶)
1971 4196 2089 4250 Cio.
2131 4197 2208 4250 ad
2247 4197 2369 4250 Att.
2407 4197 2435 4250 1
2490 4201 2572 4264 18,
2622 4200 2652 4248 3
2691 4197 2850 4251 Fest.

507 4303 594 4357 ep.
635 4305 691 4357 p.
735 4291 834 4338 104
887 4288 993 4341 sed
1046 4288 1172 4341 dies
1222 4289 1441 4341 natalis
1493 4302 1693 4356 neque
1734 4287 2053 4340 annalibus
2106 4302 2304 4355 neque
2356 4287 2524 4340 fastis
2575 4287 2851 4340 traditur.
