3057 4850
1448 337 1892 400 „24-

682 531 801 594 59.
895 527 1128 591 Aedes
1191 528 1481 592 Pietatis
1548 529 1621 592 in
1687 530 1838 593 foro
1906 528 2179 593 olitorio
2208 532 2256 617 1)
2321 530 2394 592 in
2448 549 2692 612 pugna
2752 531 2845 594 ad

496 633 1010 715 Thermopylas
1060 655 1103 699 a
1158 636 1269 699 Μ’.
1313 635 1541 700 Acilio
1576 635 1932 702 Gabrione
1982 654 2121 701 cos.
2156 641 2329 699 vota
2376 656 2438 700 a.
2477 643 2843 719 563=191‚

494 741 585 804 ab
647 741 895 804 eodem
956 742 1214 823 locata,
1279 762 1324 806 a
1384 743 1525 807 filio
1578 743 1727 808 eius
1794 744 2164 807 duumviro
2226 744 2450 809 dedic.
2517 764 2580 808 a.
2632 750 2846 812 573=

499 851 693 932 1812)
745 868 788 912 a
821 847 1127 913 Caesare
1177 850 1541 915 destructa
1588 871 1650 914 a.
1704 856 2003 918 710=44
2028 854 2077 935 ³)
2127 869 2289 915 cum
2336 851 2423 915 de
2466 852 2667 916 caelo
2701 852 2848 918 icta

497 959 702 1036 esset,
753 956 915 1019 libri
962 956 1286 1038 Sibyllini
1335 958 1636 1039 inspecti
1683 962 1863 1022 sunt.
1879 962 1929 1043 4)

676 1067 795 1130 60.
887 1063 1119 1127 Aedes
1175 1063 1472 1127 Junonis
1518 1064 1834 1146 Reginae
1897 1065 1988 1128 ad
2037 1065 2305 1130 circum
2352 1064 2775 1129 Flaminium
2799 1069 2845 1150 1)

485 1169 685 1232 ‘bello
712 1170 1072 1251 Ligustico
1108 1190 1152 1234 a
1183 1171 1272 1234 M.
1300 1171 1599 1236 Aemilio
1633 1172 1900 1254 Lepido
1950 1190 2089 1237 cos
2117 1176 2289 1235 vota
2337 1191 2398 1236 a.
2437 1176 2846 1257 567=1872)

501 1279 591 1341 ab
645 1277 894 1341 eodem
927 1296 1220 1343 censore
1256 1279 1480 1344 dedic.
1536 1299 1598 1343 a.
1637 1286 1715 1346 57
1727 1285 1933 1346 5=17
1943 1285 1981 1346 9
2008 1281 2061 1366 ³)
2111 1280 2311 1343 iuxta
2357 1298 2516 1343 eam
2560 1279 2642 1361 Q.
2679 1279 2848 1344 an-

499 1385 701 1449 cilius
748 1384 1072 1449 Metellus
1129 1386 1379 1450 aedem
1434 1387 1476 1451 J
1481 1388 1658 1451 ovis·
1692 1386 1988 1452 Statoris
2055 1385 2384 1450 aedificat
2440 1387 2847 1467 templaque

503 1492 899 1556 circumdat
945 1494 1224 1574 porticu
1273 1500 1431 1576 post
1480 1514 1543 1558 a.
1595 1496 2037 1577 608=146.4)

505 1619 749 1672 condita
789 1622 895 1688 est,
933 1620 996 1672 in
1045 1616 1163 1674 hoc
1201 1621 1491 1690 templum
1528 1635 1744 1690 parum
1795 1620 2116 1689 diligenter
2152 1619 2484 1681 transtulit3
2532 1620 2668 1672 fast.
2707 1618 2849 1673 Arv.

501 1708 578 1761 ad
629 1706 772 1778 Apr.
825 1712 893 1759 23
946 1708 1200 1762 Henzen
1251 1707 1572 1763 CCXXXV
1634 1711 1769 1763 fast.
1822 1709 2052 1763 Caeret.
2104 1706 2256 1778 Eph.
2307 1723 2398 1778 ep.
2461 1708 2552 1761 III
2596 1725 2652 1778 p.
2701 1711 2749 1760 7.
2801 1711 2850 1760 9.

506 1797 549 1862 ⁴)
588 1797 851 1850 maxime
891 1813 1029 1851 eum
1056 1802 1315 1852 testatur
1351 1799 1603 1852 lascivia
1639 1799 1927 1853 feriarum
1954 1797 2142 1863 (Varr.
2184 1802 2292 1851 sat.
2331 1801 2456 1870 περὶ
2482 1790 2850 1872 ἀφροδισίων)

499 1887 633 1940 fast.
674 1887 890 1941 Praen.
930 1888 1008 1940 ad
1047 1888 1187 1958 Apr.
1229 1892 1313 1941 23.
1355 1887 1416 1943 C.
1456 1889 1501 1942 I.
1539 1888 1606 1942 L.
1646 1888 1674 1941 I
1712 1905 1768 1958 p.
1809 1891 1928 1940 392.

645 1978 728 2028 59.
774 1976 812 2042 ¹)
855 1976 1089 2030 Becker
1116 1980 1218 2028 602
1258 1977 1485 2031 Preller
1512 1978 1571 2030 II
1612 1981 1739 2036 263;
1781 1978 2018 2031 diversa
2056 1979 2131 2031 ab
2171 1993 2245 2032 ea
2283 1982 2374 2031 est
2413 1978 2592 2031 aedes
2632 1977 2708 2030 ad
2747 1979 2854 2031 cir-

502 2081 639 2118 cum
678 2064 1057 2119 Flaminium.
1134 2065 1174 2132 ²)
1212 2065 1471 2120 Liv.XL
1511 2070 1597 2136 34,
1636 2070 1773 2118 4-6
1812 2067 1941 2121 Val.
1968 2067 2123 2121 Max.
2164 2066 2222 2119 II
2245 2070 2293 2135 5,
2336 2071 2394 2130 13
2433 2082 2560 2120 mos
2600 2069 2745 2134 erat,
2783 2070 2854 2120 ut

411 2148 415 2155 ’
502 2155 605 2223 qui
627 2154 838 2208 aedem
860 2161 1127 2223 voverat,
1166 2156 1323 2209 idem
1347 2159 1454 2209 aut
1475 2157 1661 2210 alium
1700 2158 2119 2226 magistratum
2160 2157 2414 2226 adeptus
2437 2160 2543 2209 aut
2572 2156 2854 2209 duumvir

502 2249 741 2297 creatus
763 2259 896 2297 eam
937 2245 1260 2308 dedicaret3
1296 2248 1504 2315 itaque
1533 2263 1671 2300 cum
1699 2248 1774 2300 ab
1802 2248 1919 2301 alio
1952 2247 2240 2316 templum
2281 2245 2544 2299 dedicari
2564 2246 2852 2314 scriptum

505 2333 797 2401 videmus,
837 2335 1196 2389 concludere
1236 2352 1554 2404 possumus
1595 2352 1750 2404 eum,
1791 2338 1892 2405 qui
1931 2340 2200 2402 voverat,
2239 2340 2367 2388 tum
2405 2335 2689 2403 temporis
2727 2336 2854 2387 vita

507 2422 850 2478 decessisse.
929 2422 968 2489 Β)
1007 2423 1122 2478 Dio
1162 2424 1361 2478 XLIII
1400 2430 1486 2495 49,
1526 2430 1576 2479 2.
1617 2430 1665 2478 3.
1740 2428 1783 2492 ⁴)
1824 2424 1943 2481 Cic.
1984 2427 2056 2480 de
2098 2427 2213 2478 div.
2254 2425 2281 2477 I
2322 2428 2406 2476 98.

648 2517 732 2564 60.
778 2514 814 2578 ¹)
854 2513 1088 2567 Becker
1127 2519 1247 2572 608
1288 2519 1389 2567 618
1430 2516 1658 2569 Preller
1697 2517 1723 2569 I
1777 2520 1894 2571 198.
1934 2519 2054 2566 286.
2129 2514 2488 2582 Pellegrini:
2538 2529 2676 2565 ann.
2717 2513 2851 2566 dell’

501 2603 636 2654 inst.
673 2606 806 2653 1868
846 2620 900 2672 p
939 2606 1038 2654 108
1070 2621 1153 2672 sq.
1183 2604 1412 2659 Jordan
1433 2606 1652 2659 Forma
1678 2607 1856 2662 Urbis
1883 2607 2001 2659 tab.
2025 2610 2109 2658 37.
2170 2605 2208 2670 ⁸²)
2241 2604 2370 2657 Liv.
2404 2603 2665 2656 XXXIX
2697 2605 2854 2670 2,11.

503 2690 545 2755 ⁸)
582 2689 712 2743 Liv.
739 2690 846 2743 XL
887 2694 971 2760 52,
1014 2696 1167 2744 1—3.
1230 2695 1272 2760 ⁴)
1311 2695 1457 2749 Vitr.
1486 2695 1576 2748 III
1602 2700 1646 2763 1,
1670 2699 1726 2758 53
1766 2695 2088 2749 verisimile
2129 2699 2217 2748 est
2273 2693 2579 2746 Metellum
2617 2694 2855 2745 vovisse

502 2780 732 2843 aedem,
772 2796 908 2833 cum
949 2786 1157 2834 contra
1183 2783 1543 2838 Macedones
1582 2785 1850 2852 bellaret,
1891 2788 1949 2837 et
1989 2784 2297 2836 dedicasse
2336 2798 2456 2834 non
2494 2782 2682 2835 multo
2721 2785 2855 2850 post

500 2867 877 2939 triumphum
908 2887 960 2923 a.
989 2874 1308 2941 608=1463
1349 2872 1699 2927 difficillima
1725 2879 1813 2928 est
1840 2874 2112 2943 quaestio
2143 2872 2216 2926 de
2246 2870 2341 2926 his
2369 2870 2637 2937 aedibuS‚
2677 2868 2855 2938 quod,

504 2975 660 3027 quae
701 2975 737 3011 a
773 2975 976 3013 rerum
1016 2962 1406 3030 scriptoribus
1445 2965 1770 3017 memoriae
1809 2963 2044 3033 prodita
2096 2966 2253 3029 sunt,
2292 2975 2661 3029 magnopere
2699 2960 2857 3012 inter

502 3063 566 3101 se
605 3064 884 3118 pugnare
921 3049 1221 3103 videntur.
1297 3050 1547 3119 Becker,
1605 3053 1707 3121 qui
1749 3052 2133 3104 difficultates
2171 3051 2374 3104 studet
2423 3052 2509 3103 ita
2548 3050 2854 3118 dissipare,

503 3143 572 3191 ut
611 3143 898 3206 quattuor
938 3138 1117 3192 aedes
1144 3140 1330 3194 fuisse
1358 3146 1626 3193 censeat:
1666 3140 1837 3193 Jovis
1864 3139 2115 3195 Statoris
2154 3145 2213 3194 et
2233 3139 2271 3193 J
2277 3141 2491 3193 unonis
2532 3140 2594 3191 in
2620 3138 2857 3208 porticu

504 3227 728 3281 Metelli
769 3229 888 3293 (cui
928 3233 1101 3297 posta
1139 3244 1358 3282 nomen
1396 3234 1485 3282 est
1523 3231 1789 3299 porticus
1830 3229 2158 3298 Octaviae),
2207 3228 2395 3296 Jovis,
2449 3243 2570 3296 qua
2608 3242 2855 3295 campus

504 3316 744 3386 petitur,
795 3316 1054 3371 Junonis
1105 3318 1378 3387 Reginae
1428 3319 1490 3371 in
1549 3319 1666 3371 alio
1719 3319 1848 3371 loco
1903 3320 2041 3371 circi
2092 3318 2403 3386 Flaminii,
2460 3317 2684 3370 nodum
2734 3331 2854 3368 non

501 3406 704 3473 solvit,
757 3406 863 3459 sed
915 3406 1230 3469 dissecuit3
1283 3409 1542 3477 primum
1591 3410 1750 3461 enim
1788 3409 2093 3476 miramur,
2146 3407 2306 3476 quod
2347 3406 2556 3460 aedem
2609 3406 2683 3457 ab
2738 3405 2853 3457 alio

503 3494 902 3560 aedificatam,
941 3512 1063 3549 non
1083 3512 1256 3549 suam
1295 3498 1485 3566 ipsius
1506 3498 1741 3566 porticu
1770 3497 2101 3550 circumdat
2121 3497 2429 3557 Metellus;
2470 3494 2685 3548 deinde
2705 3493 2855 3547 Vell.

506 3583 635 3637 Pat.
676 3584 703 3635 I
746 3587 827 3650 11,
869 3587 899 3634 5
939 3583 1034 3638 hic
1076 3584 1410 3654 (Metellus)
1466 3584 1628 3639 idem
1659 3584 1913 3654 primu-s
1952 3584 2226 3639 omnium
2264 3586 2491 3638 Romae
2531 3583 2740 3635 aedem
2779 3597 2855 3634 ew

504 3689 812 3726 marmore
841 3672 907 3726 in
935 3672 1015 3727 iis
1042 3673 1200 3742 ipsis
1226 3673 1635 3728 monumentis
1662 3674 1913 3729 molitus
1942 3716 1953 3727 .
1978 3716 1989 3727 .
2015 3716 2026 3727 .
2049 3676 2216 3728 nullo
2255 3674 2431 3727 modo
2471 3674 2555 3726 sic
2582 3672 2854 3741 intellegi

503 3766 715 3830 potest,
755 3767 822 3815 ut
848 3763 1155 3832 templum,
1196 3764 1357 3832 quod
1384 3767 1595 3817 auctor
1621 3767 1788 3834 ponit
1814 3767 1877 3817 in
1903 3766 2324 3830 monumentiS,
2365 3768 2536 3815 extra
2563 3777 2636 3815 ea
2674 3763 2854 3814 situm

502 3850 714 3917 fuerit,
768 3851 913 3919 quid
965 3852 1129 3904 aliud
1182 3853 1380 3905 dicere
1433 3854 1565 3906 vult
1604 3853 1837 3907 Becker
1894 3857 1997 3905 610
2050 3852 2148 3906 die
2199 3853 2393 3906 Worte
2443 3849 2509 3903 in
2566 3849 2646 3904 iis
2698 3847 2855 3917 ipsis

502 3938 912 3992 ‘monumentis
950 3939 1095 3994 sind
1134 3942 1438 3995 entweder
1475 3940 1544 3995 in
1591 3941 1893 3995 welterem
1934 3940 2120 3996 Sinne
2173 3957 2247 3993 zu
2285 3941 2539 3993 nehmen
2577 3940 2727 3993 oder
2764 3940 2854 3992 be·

502 4028 699 4080 ruhen
737 4027 863 4095 auf
893 4033 1062 4081 einer
1084 4030 1635 4100 Verwechselun9.?
1708 4031 2003 4084 Velleium
2043 4044 2274 4083 errasse
2313 4043 2435 4080 non
2472 4029 2638 4097 prius
2685 4033 2856 4097 puta-

503 4118 701 4170 bimus
740 4132 920 4185 quam
974 4118 1148 4172 aliter
1188 4119 1620 4190 discrepantias
1658 4120 1952 4173 removeri
1980 4135 2155 4188 posse
2195 4119 2373 4187 plane
2414 4117 2854 4186 desperandum

505 4207 618 4258 erit
655 4221 853 4275 neque
893 4210 1288 4261 concesserim
1327 4210 1456 4262 viro
1498 4210 1838 4263 doctissimo
1879 4208 2056 4261 Plinii
2085 4206 2145 4262 h.
2172 4225 2229 4261 n.
2269 4206 2523 4260 XXXVI
2562 4210 2630 4257 40
2667 4206 2856 4259 verba

505 4295 719 4348 Jovem
758 4294 908 4364 fecit
930 4295 1325 4366 (Praxiteles)
1348 4299 1630 4353 eboreum
1656 4296 1724 4352 in
1750 4299 1895 4352 aede
1925 4295 2155 4351 Metelli
2192 4312 2316 4366 qua
2341 4311 2595 4364 campus
2614 4292 2856 4364 petitur
