3057 4850
1411 311 1853 399 -4o÷-

472 504 740 568 factum
775 504 889 586 (cf.
917 521 984 584 p.
1010 509 1092 570 34
1120 522 1182 567 a.
1213 506 1274 588 1)
1301 503 1550 567 eadem
1577 504 1851 568 ratione
1878 504 2121 568 differe
2146 502 2469 568 existimo
2497 482 2587 567 ab
2616 502 2823 571 aedis

467 610 580 674 die
620 610 863 691 natali,
915 629 1056 692 qua
1087 609 1328 674 Bonae
1369 610 1546 674 deae
1591 628 1892 691 sacrum,
1929 610 2116 692 quod
2156 628 2398 673 mense
2433 608 2822 674 Decembri

466 716 618 781 fieri
639 717 1035 796 ,memoriae
1069 719 1376 800 produnt
1406 719 1587 781 Plut.
1617 717 1758 782 Cic.
1801 723 1879 784 19
1915 716 2048 781 Dio
2074 717 2417 780 XXXVII
2440 723 2521 783 35
2550 716 2637 781 cf.
2668 715 2821 781 Cic.

469 824 556 888 de
605 823 756 887 har.
818 843 1000 906 resp.
1054 831 1165 906 37,
1233 845 1277 888 a
1341 825 1677 889 natalicio
1746 825 1990 907 templi
2057 824 2168 888 die
2230 823 2555 888 kalendis
2611 823 2824 887 Maiis

470 932 831 995 celebrato
883 931 1038 1015 (Ov.
1074 932 1119 994 f.
1154 931 1217 994 V
1270 938 1392 998 148
1426 932 1737 996 Macrob.
1780 931 1844 996 S.
1881 932 1913 995 I
1966 937 2064 1012 12,
2120 937 2219 997 18.
2273 933 2428 1017 21);
2477 930 2822 994 ieiunium

475 1036 752 1102 Cereris
798 1057 983 1101 anno
1028 1038 1307 1101 demum
1343 1044 1685 1105 563-——191
1741 1039 2133 1101 institutum
2182 1042 2252 1102 et
2285 1036 2548 1102 Tiberii
2584 1040 2830 1101 aetate

476 1146 852 1226 quotannis
919 1147 1352 1210 celebratum
1404 1145 1557 1212 Oct.
1610 1153 1648 1211 4
1717 1145 1806 1209 ad
1866 1146 2379 1210 dedicationem
2439 1144 2635 1209 aedis
2681 1162 2833 1207 non

474 1252 832 1343 pertinere
898 1270 1105 1315 nemo
1173 1258 1279 1316 est
1338 1253 1454 1333 qui
1505 1254 1827 1334 deneget.
1923 1252 2035 1315 Nil
2096 1252 2307 1333 igitur
2356 1254 2607 1332 obstat,
2659 1269 2833 1332 quo-

473 1359 703 1422 minus
728 1359 1067 1440 templum
1082 1358 1358 1423 Cereris
1371 1359 1764 1424 Cerialibus
1787 1364 2279 1447 consecratum
2301 1378 2452 1422 esse
2474 1362 2830 1440 putemus,

650 1464 757 1529 De
827 1465 995 1547 Opis
1066 1467 1288 1530 sacris
1353 1467 1757 1547 quaesituro
1824 1465 1993 1528 mihi
2068 1485 2181 1529 res
2249 1469 2354 1530 est
2426 1484 2585 1531 cum
2648 1465 2833 1528 viris

473 1573 889 1637 doctissimis
939 1573 1367 1637 Mommseno
1419 1578 1489 1637 et
1538 1573 1872 1655 Jordano‚
1924 1592 2221 1654 quorum
2269 1574 2450 1636 alter
2498 1572 2597 1655 (C.
2642 1573 2692 1635 I.
2743 1572 2832 1635 L.

472 1680 504 1743 Ι
551 1699 616 1761 p.
671 1685 798 1745 408
856 1680 946 1742 ad
994 1678 1165 1743 Dec.
1223 1684 1327 1762 19)
1379 1681 1629 1743 aedem
1678 1680 1960 1744 Saturni
2009 1681 2162 1744 vult
2211 1681 2424 1744 etiam
2474 1679 2835 1761 appellari

473 1806 677 1869 posse
731 1787 894 1869 Opis·
945 1795 1005 1850 et
1054 1785 1342 1851 Saturni
1391 1807 1524 1852 nec
1574 1789 1926 1851 diversam
1979 1806 2130 1851 esse
2183 1789 2272 1851 ab
2308 1786 2477 1868 Opis
2526 1787 2702 1850 aede
2753 1786 2834 1849 in

477 1893 855 1975 Capitoli0‚
913 1895 1094 1957 alter
1146 1893 1346 1977 (Eph.
1400 1912 1507 1975 ep.
1561 1895 1663 1957 ΠΙ
1710 1914 1774 1976 p.
1828 1901 1906 1961 57
1960 1899 2088 1977 sq.)
2152 1899 2227 1956 ut
2276 1894 2513 1957 omnia
2559 1893 2839 1974 templa

482 2002 689 2064 deum
722 1996 1219 2081 Romanorum⁷
1274 2001 1371 2063 ita
1404 2001 1578 2064 illud
1613 2020 1890 2083 quoque
1925 2020 2061 2064 uno
2098 2001 2377 2064 nomine
2412 2001 2835 2081 significari3

477 2110 619 2189 qua
668 2109 738 2170 in
786 2126 863 2170 re
914 2108 1015 2170 illi
1065 2113 1490 2188 congruunt,
1556 2127 1836 2173 sacrum
1885 2111 1955 2171 in
2004 2108 2204 2173 fastis
2252 2108 2459 2170 Amit.
2513 2106 2603 2170 ad
2651 2105 2833 2170 Dec.

481 2223 558 2282 19
610 2215 1023 2279 adnotatum
1075 2215 1164 2278 ad
1214 2216 1461 2278 aedem
1497 2216 1776 2279 Saturni
1828 2221 2174 2297 spectare,
2226 2214 2549 2295 equidem
2602 2215 2691 2277 ab
2742 2214 2837 2276 iis

477 2323 831 2387 dissentio,
928 2323 1032 2387 Ac
1092 2324 1395 2404 primum
1448 2324 1758 2403 quidem,
1827 2324 2011 2404 quod
2063 2323 2250 2404 apud
2301 2332 2541 2385 omnes
2589 2310 2836 2384 rerum

475 2432 855 2511 scriptores
920 2432 1235 2512 templum
1306 2430 1594 2493 Saturni
1656 2435 2134 2512 nuncupatur,
2202 2431 2443 2511 Opem,
2513 2430 2571 2492 si
2615 2429 2835 2491 modo

477 2542 546 2601 et
593 2537 749 2618 ipsa
796 2537 865 2598 in
917 2556 998 2599 eo
1048 2531 1286 2601 sedem
1337 2540 1716 2619 acceperit,
1770 2539 1878 2601 dei
1928 2537 2216 2618 σύνναον,
2271 2556 2452 2618 quae
2502 2541 2835 2616 vocatur,

478 2645 691 2707 fuisse
742 2662 947 2707 nemo
1000 2645 1326 2724 negabit:
1398 2646 1585 2725 quod
1650 2645 1703 2707 si
1775 2647 2238 2724 concesse1·iS‚
2304 2663 2544 2707 omnes
2609 2645 2837 2707 fastos

478 2770 755 2815 mecum
804 2757 1253 2831 perscrutare
1306 2770 1391 2814 116
1445 2771 1656 2814 unum
1708 2752 1989 2833 quidem
2038 2753 2440 2833 exemplum
2484 2749 2831 2830 invenieS,

481 2876 617 2939 quo
652 2876 861 2922 sacra
910 2877 1050 2921 non
1083 2860 1464 2940 possessori
1515 2851 1638 2923 sed
1687 2861 1814 2923 soli
1848 2859 2097 2946 συννάῳ
2147 2859 2296 2922 fieri
2342 2858 2834 2921 demonstrare

481 2966 742 3047 possis3
820 2966 1059 3046 itaque
1131 2967 1579 3030 statuendum
1652 2973 1757 3031 est
1824 2967 2044 3048 Opem
2118 2984 2317 3028 suam
2389 2965 2605 3046 ipsius
2675 2963 2835 3027 sive

484 3073 732 3135 aedem
800 3074 950 3136 sive
1019 3074 1415 3138 aediculam
1483 3075 1812 3138 habuisse
1878 3073 1966 3135 ad
2033 3074 2259 3135 forum
2326 3090 2625 3151 eamque
2688 3088 2832 3131 non

485 3180 782 3242 eandem
818 3180 1031 3243 fuisse
1067 3187 1278 3261 atque
1313 3182 1384 3244 in
1420 3180 1789 3263 Capitolio,
1843 3182 2172 3262 quoniam
2210 3180 2305 3263 (id
2340 3178 2526 3259 quod
2558 3177 2834 3240 Jordan

487 3284 661 3366 Eph.
699 3304 807 3367 ep.
844 3286 945 3349 III
993 3306 1059 3368 p.
1097 3294 1173 3353 61
1230 3288 1534 3351 ostendit
1583 3295 1653 3350 et
1699 3288 1849 3369 ipse
1901 3306 2031 3368 ego
2067 3288 2485 3350 confirmare
2519 3287 2839 3366 possum)

436 3392 829 3456 -fastorum
901 3393 1204 3458 editores
1284 3395 1354 3457 in
1426 3395 1729 3476 propriis
1798 3394 2168 3458 vocabulis
2240 3392 2661 3477 usurpandis
2734 3390 2843 3455 ita

488 3499 670 3562 inter
702 3518 776 3563 se
825 3501 1288 3581 consentiunt,
1341 3507 1417 3564 ut
1466 3502 1581 3564 vel
1623 3501 2180 3583 praepositiones
2233 3502 2323 3564 ad
2366 3505 2436 3562 et
2495 3500 2567 3561 in
2617 3515 2839 3577 aegre

488 3607 578 3669 ab
626 3607 710 3669 iis
745 3613 1294 3687 commutentur3
1349 3609 1600 3689 quibus
1649 3608 1862 3689 igitur
1896 3608 2329 3688 argumentis
2363 3607 2842 3669 Mommsenus

487 3712 738 3776 fulcire
805 3731 879 3775 se
942 3732 1141 3776 suam
1205 3715 1627 3778 sententiam
1698 3716 2024 3796 putabat,
2094 3714 2175 3776 iis
2233 3714 2399 3795 ipsis
2448 3711 2840 3783 refellitur;

490 3819 673 3882 adde
723 3820 907 3899 quod
959 3820 1101 3901 Ops
1151 3840 1311 3885 cum
1360 3821 1618 3903 Conso⁷
1686 3840 1845 3886 cum
1894 3821 2195 3884 Saturno
2244 3819 2398 3881 Lua
2455 3818 2844 3882 coniuncta

490 3929 615 4006 est,
667 3925 849 3989 adde
899 3927 1085 4007 quod
1133 3928 1392 4009 ubique
1456 3929 1699 4010 templi
1747 3945 2133 4009 possessor,
2197 3944 2335 3988 non
2386 3925 2654 4003 σύνναος
2700 3924 2844 4004 pri-

489 4050 698 4113 mum,
750 4033 807 4096 si
857 4052 947 4096 ex
995 4034 1238 4099 ordine
1282 4039 1805 4114 enumerantur,
1858 4037 2050 4097 tenet
2096 4033 2349 4113 locum,
2400 4035 2477 4094 ut
2508 4029 2845 4111 ,Iuppiter

490 4138 674 4201 Juno
750 4139 1100 4222 Minerva,
1187 4141 1399 4206 Ceres
1483 4141 1695 4206 Liber
1769 4141 2197 4220 Liberaque‚
2272 4138 2484 4203 Liber
2555 4135 2844 4219 Libera,

493 4245 743 4313 Castor
772 4245 1061 4331 Pollux3
1104 4249 1287 4314 haec
1320 4252 1743 4331 argumenta
1774 4247 1893 4331 qui
1926 4265 2087 4314 cum
2118 4246 2160 4309 J
2166 4244 2417 4310 ordani
2447 4243 2848 4311 rationibus

2763 4425 2766 4430 ’
2854 4453 2893 4652 ί
