3057 4850
1445 322 1891 392 ...'42.-.

493 525 616 584 aut
661 519 933 584 librarii
992 520 1206 603 culpa
1252 539 1381 603 pro
1437 523 1727 587 VEDIO
1745 525 1846 587 VI
1885 526 2189 589 DVEIO
2207 527 2308 589 VI
2342 527 2684 608 scriptum
2732 525 2845 608 sit,

493 627 936 710 probandam
985 646 1138 692 esse
1188 647 1442 693 censeo
1494 631 1585 693 ad
1635 630 2025 712 aedemque
2076 632 2186 695 dei
2235 633 2307 695 in
2356 651 2523 697 arce
2557 651 2850 697 sacrum

491 735 960 798 referendum.
2455 811 2458 815 y

670 842 1120 922 Antiquiores
1169 842 1383 906 aedes
1423 843 1668 907 Martis
1701 843 2042 925 Equirriis
2106 845 2402 926 aliisque
2468 846 2580 910 dei
2645 847 2853 910 festis

493 953 947 1013 consecratas
1018 958 1171 1013 es'se
1238 951 1368 1014 etsi
1434 951 1647 1015 certis
1716 952 2150 1032 argumentis
2230 952 2503 1016 ostendi
2574 955 2851 1037 nequit,

492 1059 730 1119 tamen
779 1074 918 1119 non
969 1060 1075 1119 est
1121 1057 1275 1120 veri
1325 1056 1551 1120 simile
1601 1075 1723 1120 eas
1771 1076 1860 1121 ex
1909 1059 2231 1122 omnibus
2280 1059 2466 1123 solas
2514 1062 2851 1142 regulam

491 1163 816 1227 violasse.

668 1269 995 1352 Neptuno
1060 1274 1131 1334 et
1177 1271 1543 1334 Minervae
1606 1271 1776 1336 Dec.
1834 1279 1861 1338 1
1927 1275 1997 1335 et
2044 1272 2202 1335 Jun.
2273 1279 2350 1339 19
2414 1292 2624 1338 sacra
2687 1276 2850 1339 fieri

492 1377 654 1442 inde
701 1381 933 1459 potest
981 1378 1346 1460 explicari,
1399 1378 1585 1459 quod
1638 1379 2048 1444 dedicantes
2104 1398 2374 1443 morem
2423 1400 2467 1444 a
2515 1382 2849 1462 patribus

491 1484 827 1548 traditum
898 1484 1198 1566 Augusti
1270 1486 1703 1567 temporibus
1773 1486 2117 1567 paulatim
2196 1487 2425 1550 minus
2499 1494 2849 1555 accurate

492 1593 962 1656 observarunt
1021 1593 1443 1674 saepiusque
1493 1593 1782 1674 accidit,
1852 1597 1926 1656 ut
1991 1594 2306 1658 refectae
2369 1595 2583 1659 aedes
2653 1597 2851 1661 diem

493 1699 957 1763 dedicationis
1021 1706 1575 1781 commutarent3
1644 1719 1804 1765 cum
1860 1701 2024 1764 fasti
2079 1701 2271 1765 Pinc.
2323 1702 2851 1783 Neptunalibus

491 1806 628 1870 Jul.
681 1813 764 1874 23
813 1826 1095 1871 sacrum
1152 1808 1420 1871 nullum
1479 1809 1897 1891 exhibeant,
1968 1810 2126 1873 fast.
2177 1810 2383 1873 Amit.
2436 1811 2528 1874 ad
2576 1811 2747 1876 Dec.
2810 1820 2842 1878 1

493 1914 922 1994 adscribant,
973 1919 1167 1978 recte
1216 1916 1648 1979 concluseris
1696 1917 2035 1998 templum
2094 1917 2206 1980 dei
2266 1937 2310 1980 a
2358 1917 2480 1983 Cn.
2532 1917 2849 1982 Domitio

491 2039 587 2086 sc.
657 2021 944 2085 consule
1017 2040 1078 2084 a.
1149 2027 1452 2088 722-:32
1523 2023 1922 2086 restitutum
1994 2024 2181 2086 intra
2252 2044 2313 2087 a.
2387 2031 2512 2091 722
2580 2029 2651 2089 et
2713 2032 2850 2092 724

434 2116 438 2123 ’
494 2134 988 2192 consecratum
1036 2134 1268 2212 esse.1)

670 2235 939 2299 Aedem
1001 2236 1365 2301 Minervae
1429 2238 1502 2300 in
1568 2239 1920 2301 Aventino
1985 2240 2341 2319 Augustus
2407 2241 2851 2305 restauravit

495 2347 702 2428 (mon.
753 2344 927 2408 Anc.
979 2344 1075 2406 IV
1125 2349 1218 2427 2),
1268 2345 1392 2408 sed
1460 2345 1608 2409 dies
1657 2347 1915 2409 natalis
1963 2352 2197 2410 utrum
2259 2347 2443 2410 idem
2491 2347 2847 2438 manserit

495 2470 586 2514 an
636 2452 704 2514 in
741 2452 956 2515 alium
1007 2453 1096 2515 sit
1128 2454 1533 2533 translatUS,
1584 2454 1642 2517 si
1676 2455 1830 2535 quis
1864 2461 2182 2536 quaerat,
2219 2473 2621 2536 repugnare
2655 2456 2849 2519 inter

494 2578 569 2622 se
617 2558 949 2622 videntur
996 2560 1153 2625 fast.
1199 2561 1446 2623 Praen.
1499 2562 1589 2624 ad
1634 2562 1835 2624 Mart.
1887 2568 1994 2628 19:
2048 2564 2387 2648 artificum
2448 2564 2588 2626 dies
2640 2565 2848 2647 [quod

496 2665 884 2750 Mnerv'ae]
953 2668 1141 2730 aedis
1204 2669 1275 2729 in
1341 2669 1675 2732 Aventino
1759 2677 1853 2732 est
1922 2670 2285 2753 [dedicata]
2354 2710 2440 2717 ——
2517 2670 2620 2733 sic
2677 2670 2847 2750 lego

496 2791 656 2836 cum
689 2773 1118 2836 Mommseno
1144 2815 1231 2822 ——
1253 2780 1322 2837 et
1353 2777 1510 2838 fast.
1549 2775 1707 2856 Esq.
1743 2776 1949 2838 Amit.
1988 2777 2078 2838 ad
2112 2776 2152 2838 J
2159 2767 2271 2839 un.
2314 2783 2421 2843 19:
2474 2776 2849 2841 Minervae

495 2880 567 2942 in
618 2879 974 2961 Aventin03
1024 2880 1205 2945 haec
1263 2882 1619 2964 dissensio,
1672 2901 1884 2964 quam
1927 2883 2189 2947 frustra
2236 2903 2364 2965 per
2410 2885 2553 2947 vim
2591 2884 2850 2949 tollere

496 2992 794 3050 conatur
843 2986 1111 3050 Jordan
1160 2988 1333 3070 Eph.
1399 3008 1505 3070 ep.
1574 2989 1606 3052 Ι
1653 3008 1718 3071 p.
1772 2995 1919 3070 236,
1969 2990 2160 3055 haud
2226 2990 2600 3054 difficulter
2660 2991 2854 3055 solvi

495 3096 762 3173 potest3
812 3093 883 3156 in
930 3095 1130 3157 fastis
1178 3097 1363 3159 enim
1420 3096 1669 3159 Praen.
1728 3097 1785 3159 si
1835 3097 2211 3177 diligenter
2259 3116 2378 3160 eos
2430 3098 2851 3181 perlegeris,

496 3219 637 3262 non
686 3205 754 3264 te
813 3203 1226 3283 praeteribit
1305 3222 1545 3266 omnes
1595 3204 1762 3266 deos
1812 3223 2108 3284 quorum
2158 3204 2307 3267 dies
2355 3205 2704 3285 natalicii,
2773 3206 2856 3270 id

499 3309 684 3388 quod
760 3308 903 3372 alia
969 3327 1246 3390 quoque
1311 3310 1623 3374 eiusdem
1696 3312 2030 3392 temporis
2101 3311 2501 3374 testimonia
2564 3313 2853 3397 docent,

499 3420 735 3479 aetate
783 3415 1013 3478 Verrii
1062 3422 1386 3497 aguntur,
1439 3418 1643 3480 tertio
1695 3437 1865 3481 casu
1918 3418 2282 3481 adnotari:

676 3522 881 3588 Febr.
933 3530 970 3590 5
1072 3523 1482 3589 Concordiae
1531 3527 1603 3588 in
1652 3547 1825 3589 arce.

677 3631 878 3694 Mart.
935 3639 962 3697 1
1065 3633 1323 3696 ‚Iunoni
1372 3633 1688 3696 Lucinae.

677 3738 880 3800 Mart.
936 3745 968 3805 7
1063 3743 1106 3823 [
1124 3741 1446 3825 Vedifhvi.

678 3843 881 3906 Mart.
935 3850 1011 3910 31
1111 3845 1342 3910 Lunae
1390 3848 1462 3911 in
1515 3848 1942 3932 Avefhztinol.

647 4024 685 4088 ¹)
726 4022 976 4079 Sacrum
1023 4026 1084 4077 in
1111 4025 1279 4078 fastis
1319 4026 1459 4080 Arv.
1501 4027 1579 4080 ad
1607 4026 1766 4095 Sept.
1796 4031 1861 4078 23
1892 4027 2158 4080 additum
2200 4028 2484 4096 Neptuno
2525 4028 2590 4081 in
2631 4047 2866 4101 campo

503 4113 580 4165 ad
618 4113 784 4166 aliud
811 4114 1126 4167 delubrum
1162 4116 1462 4183 pertinere
1488 4121 1809 4185 propterea
1836 4118 2121 4185 suspicor,
2162 4118 2322 4185 quod
2368 4118 2864 4186 significationes

502 4199 571 4256 in
621 4218 835 4274 campo
888 4208 948 4258 et
997 4204 1080 4258 ad
1131 4202 1363 4259 circum
1415 4203 1804 4261 Flaminium
1866 4203 2283 4275 hemerologia
2332 4223 2452 4260 non
2505 4211 2867 4285 promiscue

505 4298 818 4364 usurpant.
