3057 4850
1165 318 1612 383 ...25-

389 517 498 580 61.
592 509 824 574 Aedes
871 509 1148 576 Dianae
1197 511 1290 575 ad
1338 511 1608 576 circum
1648 509 2074 576 Flaminium
2121 511 2308 576 bello
2356 510 2563 595 Ligu-

203 618 385 683 stico
454 637 499 681 a
574 617 662 681 M.
731 617 1029 682 Aemilio
1086 618 1354 701 Lepido
1419 637 1560 683 cos.
1619 623 1802 683 'vota
1857 638 1920 682 a.
1991 625 2333 687 567=187
2353 624 2401 705 2)
2471 623 2562 686 ab

204 726 461 790 eodem
508 743 802 790 censore
852 726 1077 791 dedic.
1138 745 1200 789 a.
1253 731 1599 793 5752179
1625 729 1674 810 3)
1738 726 2013 790 refecta
2073 745 2119 790 a
2173 727 2249 790 L.
2309 726 2563 793 Corne-

201 833 367 897 ficio
418 851 558 897 cos.
610 851 673 896 a.
728 833 1117 918 719=35(?)
1139 836 1187 917 4)
1238 834 1374 898 dea
1419 851 1683 914 graeco
1733 833 1870 896 ritu
1919 834 2342 899 celebratur.
2370 838 2419 919 5)

390 944 510 1007 62.
606 939 838 1003 Aedes
880 939 1141 1003 Larum
1174 939 1744 1004 Permarinorum
1796 940 1869 1003 in
1917 959 2171 1023 campo
2196 944 2243 1025 1)
2291 940 2561 1023 proelio

203 1046 456 1110 navali
527 1051 777 1110 contra
840 1047 1243 1128 praefectos
1305 1047 1637 1112 Antiochi
1696 1066 1741 1111 a
1800 1047 1876 1110 L.
1937 1048 2237 1112 Aemilio
2288 1048 2563 1130 Regillo

203 1158 541 1237 praetore
603 1156 775 1217 vota
835 1173 896 1217 a.
949 1159 1314 1235 564=190,
1375 1173 1420 1217 a
1465 1154 1555 1218 M.
1606 1154 1903 1218 Aemilio
1953 1155 2219 1237 Lepido
2269 1174 2563 1220 censore

206 1261 436 1325 dedic.
488 1279 551 1324 a.
606 1266 949 1327 5752179
978 1264 1025 1345 2)
1076 1281 1138 1325 a.
1191 1261 1254 1325 d.
1305 1261 1408 1324 XI
1465 1262 1609 1325 kal.
1658 1261 2079 1327 Jan.=Dec.
2131 1269 2235 1343 22,
2285 1263 2564 1345 porticu

205 1368 656 1433 circumdata
703 1387 748 1431 a
793 1367 881 1431 M.
930 1368 1237 1434 Minucio
1285 1369 1464 1433 Rufo
1516 1388 1656 1434 cos
1708 1388 1771 1433 a.
1826 1375 2191 1437 6442110.
2222 1374 2270 1455 3)

385 1480 509 1566 563.
588 1474 820 1538 Aedes
853 1474 1209 1540 Fortunae
1235 1477 1599 1558 Equestris
1633 1477 1725 1540 ad
1757 1477 2115 1541 theatrum
2146 1476 2502 1559 lapideum
2515 1481 2561 1562 1)

204 1582 399 1648 bello
451 1582 874 1647 Celtiberico
925 1602 969 1646 a
1017 1583 1099 1664 Q.
1144 1583 1395 1647 Fulvio
1430 1583 1693 1649 Flacco
1743 1589 1916 1648 vota
1964 1603 2025 1647 a.
2080 1590 2425 1652 5742180
2474 1586 2565 1650 ab

207 1690 463 1754 eodem
496 1707 791 1754 censor-e
827 1689 1050 1754 dedic.
1089 1710 1150 1754 a.
1187 1696 1533 1758 5812173
1560 1694 1609 1774 3)
1660 1691 1896 1755 deleta
1930 1697 2095 1756 ante
2131 1711 2193 1755 a.
2225 1698 2307 1759 22
2334 1710 2402 1774 p.
2426 1692 2565 1776 Ost)

208 1870 289 1923 ad
329 1870 510 1922 aliam
536 1868 572 1922 J
579 1870 706 1922 ovis
746 1868 956 1922 aedem
982 1864 1283 1938 pertinere
1322 1884 1503 1938 quam
1542 1866 1698 1924 haec
1724 1869 1979 1924 XXXVI
2007 1872 2099 1923 35:
2148 1868 2561 1926 Timarchidis

206 1957 331 2028 filii
371 1960 587 2013 Jovem
613 1956 721 2027 qai
747 1961 834 2012 est
859 1957 928 2011 in
945 1956 1247 2026 proxima
1276 1957 1597 2028 (Junonis)
1627 1961 1773 2014 aede
1812 1958 2130 2027 fecerant,·
2166 1961 2364 2015 lucem
2392 1961 2568 2015 affert

210 2048 494 2103 Urlichsii
515 2045 855 2124 (chrestom.
883 2047 1033 2100 Plin.
1054 2064 1110 2117 p.
1133 2050 1257 2114 388)
1280 2049 1658 2102 coniectura:
1695 2049 1883 2102 verba
1909 2063 2032 2118 qua
2052 2064 2308 2117 campus
2322 2048 2566 2118 petitur

206 2154 335 2191 non
373 2138 596 2207 scripta
646 2152 776 2190 esse
816 2153 852 2190 a
890 2137 1102 2205 Plinio,
1153 2137 1259 2191 sed
1297 2154 1333 2190 a
1385 2140 1781 2207 grammatico
1821 2139 2024 2192 nescio
2078 2155 2196 2207 quo
2250 2139 2565 2208 adnotata3

208 2227 445 2280 nullam
484 2227 886 2295 suspicionem
922 2232 1140 2295 movet,
1180 2227 1342 2296 quod
1380 2227 1539 2281 duae
1579 2227 1674 2281 dei
1714 2232 1953 2281 statuae
1991 2229 2055 2280 in
2093 2229 2306 2282 eodem
2344 2229 2566 2298 templo

210 2317 546 2370 collocatae
583 2321 741 2384 sunt,
782 2333 1037 2385 quarum
1065 2318 1255 2385 alteri,
1294 2322 1362 2370 ut
1401 2332 1503 2370 eas
1541 2317 1916 2387 distinguere
1954 2319 2163 2387 possis,
2203 2318 2569 2372 adiectivum

210 2408 496 2461 eboreum
536 2410 746 2461 auctor
786 2406 1030 2461 addidit.
1104 2407 1330 2476 Restat,
1378 2412 1446 2461 ut
1483 2422 1566 2483 ne
1599 2406 1859 2462 Junonis
1900 2407 2143 2476 quidem
2183 2407 2335 2462 duas
2388 2407 2569 2462 aedes

210 2497 571 2551 statuendas
618 2512 748 2551 esse
789 2498 1217 2567 demonstrem3
1271 2515 1345 2552 ex
1382 2499 1678 2569 prodigi0,
1718 2500 1882 2569 quod
1919 2501 2192 2554 invenies
2246 2500 2410 2570 apud
2446 2499 2569 2552 Jul.

212 2586 356 2642 Obs.
398 2589 463 2637 75
502 2585 564 2640 in
607 2585 768 2641 circo
797 2587 1115 2642 Flaminio
1144 2587 1428 2656 porticus
1466 2587 1632 2642 inter
1670 2590 1880 2644 aedem
1907 2588 2178 2644 Junonis
2204 2588 2475 2660 Reyinae
2515 2592 2571 2643 et

212 2678 534 2730 Fortunae
575 2679 737 2730 tacta
766 2677 845 2746 (a.
872 2676 1226 2746 598=156),
1254 2678 1532 2731 concludi
1560 2683 1835 2747 oportere
1860 2678 2096 2732 Becker
2136 2679 2417 2748 opinatur
2455 2677 2572 2733 hoc

212 2765 804 2835 templumJunonis
842 2768 905 2819 in
942 2768 1178 2836 porticu
1216 2767 1438 2821 Metelli
1476 2783 1600 2820 non
1637 2768 1844 2832 fuisse,
1884 2783 2021 2821 cum
2059 2769 2216 2821 inter
2254 2768 2315 2821 id
2353 2773 2414 2822 et
2433 2768 2572 2823 For-

213 2861 405 2909 tunae
444 2871 524 2909 sc.
564 2856 875 2925 Equestris
903 2856 980 2908 ad
1018 2854 1325 2910 theatrum
1364 2856 1667 2925 lapideum
1708 2856 1778 2921 (V
1782 2858 1875 2909 itr.
1909 2855 1999 2909 III
2022 2860 2069 2924 3,
2110 2860 2163 2922 2)
2204 2857 2386 2911 aedes
2425 2857 2600 2925 Her<

216 2945 372 2998 culis
399 2945 706 2998 Musarum
734 2949 863 2999 tum
903 2946 1185 3015 temporis
1207 2947 1522 2999 interiecta
1542 2946 1753 3014 fuerit3
1795 2960 1975 3015 quam
2003 2947 2069 3014 si,
2109 2962 2231 3015 qua
2264 2944 2571 3001 theatrum

216 3034 299 3088 ad
353 3034 662 3087 meridiem
711 3036 943 3103 vergit,
1000 3036 1280 3104 ponimus
1311 3064 1377 3071 —
1410 3036 1459 3089 si
1498 3035 1674 3088 modo
1721 3039 1884 3088 recte
1932 3036 2186 3088 coniecit
2222 3036 2458 3091 Becker
2497 3038 2572 3091 de

215 3123 442 3192 templo
463 3121 769 3177 Fortunae
797 3124 1106 3192 Equestris
1134 3124 1523 3194 cogitandum
1553 3139 1684 3177 esse
1714 3154 1779 3161 -—
1801 3124 1978 3177 facile
2004 3124 2138 3178 fieri
2166 3127 2377 3194 potuit,
2417 3132 2486 3180 ut
2512 3132 2571 3180 et

214 3214 352 3282 ipsa
390 3216 450 3266 et
486 3212 745 3267 Junonis
797 3214 978 3267 aedes
1017 3215 1175 3266 viam
1217 3218 1556 3283 tangerent,
1606 3214 1883 3268 Herculis
1923 3214 2231 3268 Musarum
2281 3217 2570 3285 templum

214 3302 404 3371 paulo
430 3302 769 3371 recederet3
809 3302 970 3356 unde
998 3307 1265 3372 apparet,
1305 3319 1412 3355 cur
1438 3303 1572 3356 illas
1600 3302 1780 3356 aedes
1800 3302 2005 3356 Julius
2026 3302 2380 3372 Obsequens
2408 3305 2570 3375 apud

215 3391 462 3445 Livium
500 3393 817 3445 invenerit.

368 3483 451 3532 61.
494 3480 532 3545 1)
572 3480 806 3535 Becker
845 3484 947 3533 618
1005 3482 1231 3535 Preller
1272 3481 1299 3534 I
1353 3484 1451 3532 321
1512 3481 1642 3534 Birt
1693 3497 1787 3551 ap.
1838 3479 2124 3535 Roscher.
2162 3483 2237 3535 M.
2276 3484 2366 3537 W.
2410 3487 2572 3537 1011.

221 3569 264 3636 ²)
303 3569 434 3623 Liv.
473 3570 733 3623 XXXIX
773 3573 821 3639 2,
862 3575 912 3624 8.
972 3572 1014 3636 ⁸)
1052 3571 1179 3624 Liv.
1209 3570 1315 3623 XL
1355 3573 1439 3638 52,
1483 3574 1635 3622 1-3.
1710 3570 1752 3635 ⁴)
1794 3570 1957 3625 Suet.
1986 3571 2146 3641 Aug.
2187 3575 2281 3641 293
2322 3573 2572 3628 dubium

220 3666 345 3730 est,
398 3665 601 3715 utrum
653 3661 725 3715 de
766 3662 917 3715 aede
955 3663 1016 3714 in
1056 3661 1356 3714 Aventino
1405 3676 1484 3712 an
1534 3661 1595 3713 in
1644 3661 1800 3713 circo
1841 3661 2133 3714 Flaminio
2182 3663 2573 3731 cogitandum

217 3753 315 3805 sit.
391 3750 433 3817 ὃ)
485 3753 557 3804 cf.
608 3751 977 3805 lectisternia
1016 3767 1067 3803 a.
1109 3753 1399 3802 355=399
1453 3750 1605 3816 (Liv.
1644 3750 1695 3802 V
1737 3754 1819 3818 13,
1860 3752 1912 3815 6)
1966 3755 2025 3804 et
2072 3754 2362 3804 537=217
2421 3751 2573 3817 (Liv.

196 3840 399 3895 XXII
429 3845 511 3910 10,
551 3844 622 3910 9),
679 3842 931 3895 triadem
981 3839 1322 3909 Apollinem
1349 3839 1624 3894 Dianam
1650 3841 1955 3894 Latonam
1995 3842 2324 3910 conspicies
2351 3843 2413 3894 in
2438 3842 2572 3896 fast.
2657 3872 2674 3885 ·

218 3931 433 3986 Urbin.
474 3930 536 3985 C.
576 3931 621 3984 I.
657 3930 725 3984 L.
766 3931 792 3984 I
831 3948 884 4000 p.
928 3935 1046 3983 330.

369 4023 452 4073 62.
497 4021 534 4085 ¹)
572 4020 806 4074 Becker
845 4024 947 4071 638
976 4020 1201 4073 Preller
1240 4020 1298 4072 II
1340 4023 1439 4070 115
1466 4018 1697 4072 Jordan
1736 4018 1761 4070 I
1806 4022 1851 4086 1,
1892 4023 1995 4070 430
2033 4019 2234 4072 Herm.
2263 4019 2401 4073 XIV
2442 4024 2574 4088 5753

221 4109 561 4164 aediculam
609 4110 796 4162 fuisse
846 4114 1050 4162 censet
1090 4108 1438 4177 Marquardt
1484 4110 1587 4158 253
1637 4123 1689 4159 a.
1732 4111 1778 4159 7.
1856 4107 1896 4173 2)
1934 4108 2062 4160 Liv.
2102 4108 2209 4161 XL
2250 4112 2341 4177 52,
2391 4113 2422 4160 4
2472 4112 2574 4178 qui

220 4201 671 4270 inscriptionem
722 4200 893 4253 nobis
944 4198 1225 4251 servavit.
1302 4195 1341 4267 ³)
1389 4197 1524 4251 fast.
1563 4196 1779 4251 Praen.
1837 4196 1914 4251 ad
1965 4197 2107 4252 Dec.
2149 4201 2214 4251 22
2255 4196 2317 4253 C.
2357 4197 2400 4253 I.
2439 4198 2507 4253 L.
2547 4199 2574 4252 Ι

222 4307 282 4372 p.
321 4292 423 4344 409
463 4288 721 4348 Macrob.
761 4287 817 4347 S.
857 4288 885 4346 1
927 4291 1009 4356 10,
1051 4290 1132 4343 10.
